3726 5618
220 1317 222 1321 1
320 1411 321 1414 ψ
453 1204 507 1346 ll
555 1203 715 1346 llllll
761 1203 820 1345 ll
867 1202 1146 1346 TEMPORIBUS

566 1521 748 1614 QUIBUS
777 1521 1027 1606 nonanus

179 1763 418 1856 SINGULAS
445 1762 654 1893 stultns
682 1761 1021 1853 COMPOSUERIT
1050 1759 1419 1855 nonnullarum.

271 2361 309 2426 In
335 2365 430 2427 tanta
463 2360 674 2444 discrepantia
695 2360 779 2425 inter
804 2359 970 2426 doctorum
987 2357 1117 2442 judicia,
1141 2359 1176 2423 in
1187 2365 1255 2424 tam
1281 2357 1412 2422 incertis

184 2488 280 2550 saepe
302 2489 410 2533 rerum
438 2468 626 2548 rationibus,
651 2469 678 2533 si
701 2490 806 2534 meam
821 2467 860 2533 de
876 2467 987 2533 ordine
1007 2472 1039 2532 et
1064 2464 1272 2550 temporibus,
1296 2464 1413 2549 quibus

184 2573 337 2639 Horatius
349 2574 490 2659 singulas
502 2575 617 2640 satiras
633 2574 852 2659 composuerit,
866 2573 1058 2638 sententiam
1073 2572 1245 2657 protulero,
1259 2571 1413 2637 audacter

185 2681 281 2746 nimis
290 2681 424 2747 fortasse
432 2681 544 2747 fecisse
555 2681 694 2761 videbor,
719 2687 752 2746 et
773 2686 859 2746 recte
882 2681 977 2746 amici
1000 2701 1020 2745 a
1042 2680 1173 2745 consilio
1188 2679 1322 2745 fortasse
1341 2698 1412 2743 meo

184 2809 235 2854 me
250 2789 453 2868 revocabunt,
470 2794 508 2853 ut
529 2789 708 2868 Horatium,
734 2809 806 2854 cnm
818 2788 956 2854 Graecos
967 2807 1076 2852 versus
1098 2786 1203 2853 facere
1225 2785 1329 2865 vellet,
1353 2784 1413 2851 tali

184 2915 259 2961 voce
282 2895 384 2960 vetuit
407 2894 575 2974 Quirinus:

342 3113 357 3144 “
383 3107 426 3172 In
446 3107 558 3174 aluam
578 3127 642 3173 non
662 3107 749 3192 ligna
769 3109 856 3192 feras
877 3109 1022 3174 insanius
1044 3128 1081 3173 cc
1103 3109 1132 3173 si

382 3213 521 3299 Magnas
548 3212 739 3282 Grcmoruon
761 3216 855 3282 mola
876 3216 1003 3297 implere
1024 3220 1173 3281 octavas.
1200 3265 1215 3294 „

275 3426 338 3494 Sed
360 3428 432 3512 ipsa
453 3449 514 3508 rea,
538 3430 690 3513 quoniam
714 3431 809 3495 certia
831 3429 1009 3495 rationibus
1021 3435 1054 3495 et
1070 3430 1267 3512 argumentis
1290 3430 1410 3495 nonvi-

183 3533 278 3599 detnr
307 3535 350 3599 ad
370 3533 530 3619 liquidum
572 3537 826 3621 posseperduci,
851 3535 948 3602 adse
978 3557 1030 3602 me
1058 3541 1152 3601 vocat
1179 3542 1212 3601 et
1238 3534 1350 3615 trahit,
1374 3542 1411 3601 ut

183 3641 253 3726 ipse
274 3640 402 3707 videam
423 3644 707 3728 pervestigemque,
732 3644 887 3728 quidnam
908 3645 1009 3728 possit
1036 3645 1106 3710 erui
1133 3645 1222 3723 certi,
1254 3649 1311 3708 aut
1333 3643 1412 3727 quid

183 3748 218 3813 in
239 3748 344 3814 medio
359 3750 402 3814 sit
415 3749 670 3835 relinquendum.
683 3752 790 3835 Atque
801 3771 869 3815 rem
880 3752 928 3816 ita
938 3752 1117 3831 instituam,
1131 3756 1168 3816 ut
1180 3773 1230 3817 me
1243 3751 1285 3816 ad
1296 3750 1410 3814 Kiroh-

183 3855 263 3935 neri,
286 3855 347 3921 viri
369 3855 409 3921 de
431 3857 566 3923 Horatio
579 3857 776 3923 emendando
789 3862 821 3922 et
836 3857 1077 3940 interpretando
1089 3858 1294 3937 meritissimi,
1310 3857 1410 3941 potis·

186 3963 303 4026 simum
318 3962 476 4048 adplicem
492 3964 757 4044 dissertationem,
774 3963 852 4048 quia
870 3985 1078 4048 quaecunque
1100 3964 1242 4029 adhunc
1265 3964 1349 4029 diem
1372 3964 1411 4029 de

186 4068 320 4136 Horatio
342 4077 399 4136 aut
425 4071 594 4137 observata
616 4076 691 4137 sunt
717 4075 775 4136 aut
796 4071 971 4155 disputata,
1000 4069 1040 4135 ab
1056 4070 1116 4135 hoc
1130 4069 1272 4153 profecto
1288 4091 1410 4135 summo

186 4176 255 4242 viro
281 4179 379 4263 “apis
401 4179 545 4244 Matinae
568 4199 656 4243 more
678 4178 861 4263 modoque„
888 4183 921 4242 et
943 4177 1085 4261 undique
1100 4175 1234 4242 collecta
1255 4176 1411 4260 repereris

185 4284 328 4349 etomni
351 4292 507 4369 exparte
537 4285 745 4351 subtilissime
766 4286 939 4369 pensitata.
973 4285 1084 4369 Neque
1114 4289 1224 4350 tamen
1257 4283 1411 4348 Diintzeri

184 4390 325 4471 Frankii,
350 4390 491 4471 Teuffeli,
515 4392 745 4471 Walckenaeri,
758 4392 933 4458 Weicherti
945 4391 1143 4475 aliorumque
1155 4391 1410 4456 doctissimorum

183 4497 334 4579 virorum,
358 4520 495 4584 quornm
523 4519 587 4563 non
620 4498 822 4564 mediocriter
856 4519 983 4564 moveor
1015 4499 1218 4578 auctoritate,
1249 4497 1410 4581 negligam

185 4607 478 4689 commentationes,
502 4627 697 4692 quamquam
719 4612 812 4674 tanta
827 4611 904 4673 sunt
925 4606 959 4672 in
974 4606 1130 4672 varietate
1145 4626 1183 4670 ao
1203 4603 1408 4682 dissensione,
