3726 5618
851 669 1023 735 -12-

328 862 500 928 contendit.
518 860 715 950 7611161151)
732 870 839 930 autem
851 865 1039 931 scholiastae
1063 887 1126 931 non
1137 866 1208 932 aliis
1220 867 1404 934 auctoribus
1417 869 1472 933 sed
1480 869 1554 952 jam

328 973 396 1055 ipsa
419 972 478 1055 Ep.
507 974 532 1037 1.
560 973 608 1038 11.
634 995 672 1039 eo
695 973 810 1039 adduci
832 975 972 1057 potuisse
994 979 1097 1057 putat,
1128 977 1220 1040 utin
1250 974 1409 1041 Maenium
1432 998 1554 1043 nomen

326 1081 496 1147 Pantolabi
518 1083 631 1147 cadere
654 1082 788 1170 (Acronz
811 1083 956 1149 Maenius
971 1082 1023 1147 hic
1037 1083 1233 1148 Pantolabus
1256 1085 1360 1150 dictus
1376 1093 1424 1151 est
1436 1085 1477 1149 ab
1503 1108 1554 1165 ee,

326 1192 410 1275 quod
432 1192 586 1276 quidquid
608 1190 799 1257 offerebatur
833 1191 1001 1280 acciperet)
1033 1192 1203 1273 crederent,
1234 1200 1266 1258 et
1284 1194 1355 1259 ideo
1384 1193 1443 1259 hoc
1476 1195 1552 1260 loco

326 1300 424 1366 ullam
448 1302 673 1366 auctoritatem
697 1307 729 1365 et
751 1299 844 1365 fidem
867 1322 975 1366 eorum
991 1301 1170 1366 testimonio
1186 1301 1317 1386 adjungi
1335 1324 1425 1385 posse
1439 1309 1549 1385 negat.

330 1408 554 1474 Narrationem
576 1416 697 1488 contra,
722 1430 818 1493 quam
840 1409 883 1473 ad
904 1409 1009 1474 locum
1032 1407 1099 1473 Sat.
1123 1410 1239 1474 1.101.
1264 1411 1484 1493 explicandum
1509 1411 1551 1475 de

325 1517 451 1583 Maenio
475 1517 592 1582 Lucilii
614 1517 740 1600 aequali
762 1517 999 1600 proposuissent
1025 1519 1061 1603 2),
1086 1539 1125 1583 ex
1155 1519 1347 1583 anctoritate
1370 1519 1483 1583 veteris
1508 1519 1549 1582 li-

187 1630 192 1639 '
324 1624 409 1705 belli,
434 1626 489 1710 qui
512 1624 573 1690 fuit
596 1625 635 1689 de
657 1626 798 1708 personis
820 1625 1014 1704 Horatianis
1039 1626 1186 1690 attulisse
1206 1625 1391 1691 scholiastes
1414 1647 1550 1709 eamque

323 1754 390 1798 rem
414 1733 458 1798 eis
481 1731 574 1798 fidem
597 1733 713 1798 addere
734 1733 819 1797 idem
842 1732 1000 1798 Teuffelus
1027 1733 1195 1797 contendit.
1220 1733 1306 1809 Quae
1329 1755 1401 1798 vero
1425 1733 1548 1798 scholia

323 1839 365 1903 ad
388 1838 454 1904 Sat.
479 1840 503 1903 I.
529 1840 559 1904 8.
586 1841 634 1904 11.
659 1840 698 1904 de
712 1840 890 1907 Pantolabo
915 1840 1084 1906 memoriae
1110 1840 1290 1923 prodissent
1313 1841 1401 1925 [Fuit
1416 1840 1548 1905 Mallius

325 1947 511 2031 (Frankiusz
536 1947 691 2029 Maenius)
717 1948 822 2013 Verna
844 1953 933 2013 trans
956 1948 1094 2013 Tiberim
1116 1949 1259 2031 ingenuis
1281 1948 1467 2032 parentibus
1488 1969 1547 2013 na-

322 2059 392 2135 tus,
424 2058 480 2140 qui
511 2057 628 2138 quiaa
657 2056 767 2121 multis
797 2058 960 2139 pecuniam
993 2062 1138 2121 mutuam
1171 2056 1315 2139 rogabat,
1348 2055 1546 2122 Pantolabus

322 2169 370 2229 est
392 2164 641 2248 cognominatus]
664 2186 727 2230 non
756 2170 842 2231 recte
872 2164 1068 2228 intellectum
1091 2169 1123 2227 et
1153 2164 1195 2228 ad
1217 2163 1384 2228 arbitrium
1415 2170 1545 2228 auctum

324 2293 391 2338 esse
414 2272 574 2355 exemplar
596 2272 682 2336 illius
704 2272 919 2336 annotationis
935 2271 976 2335 ad
990 2272 1049 2354 Ep.
1067 2272 1092 2334 Ι.
1120 2272 1180 2351 15,
1198 2272 1230 2335 in
1245 2293 1307 2354 qno
1323 2271 1490 2337 scribendo
1506 2294 1545 2337 eo

321 2381 440 2462 majore
463 2402 496 2445 se
518 2381 568 2445 uti
586 2379 658 2461 jure
678 2380 740 2444 sibi
755 2380 985 2463 persuasissent
1007 2379 1206 2462 interpretes,
1224 2379 1308 2462 quod
1322 2380 1347 2443 I.
1366 2419 1406 2426 -
1426 2381 1542 2445 1.101.

319 2488 534 2553 in.consortio
556 2488 747 2552 Nomentani
777 2509 834 2571 pro
857 2486 1033 2552 Pantolabo
1064 2485 1208 2551 Maenius
1238 2487 1362 2569 positus
1385 2492 1477 2568 esset,
1509 2494 1544 2552 61

322 2595 395 2659 1116
417 2595 576 2660 Maenium
599 2601 632 2661 et
651 2594 863 2661 Pantolabum
885 2595 1018 2660 eundem
1041 2615 1109 2659 esse
1132 2594 1237 2676 colligi
1253 2615 1345 2677 posse
1368 2617 1420 2661 eos
1443 2595 1543 2659 credi-

322 2702 414 2782 disse,
439 2709 605 2787 praeterea
627 2704 709 2768 idem
733 2701 891 2769 Teuffelus
913 2701 1096 2785 disputavit.
1129 2702 1243 2767 Eidem
1265 2703 1319 2766 ille
1346 2702 1541 2767 Pantolabus

321 2832 438 2891 scurra,
463 2818 513 2877 tot
532 2813 600 2895 jam
622 2811 893 2895 disputationibus
914 2808 1114 2889 nobilitatus,
1147 2809 1359 2892 Hermogenes
1390 2808 1538 2890 Tigellius

315 2920 424 3004 junior
445 2941 513 2985 esse
535 2920 669 3000 videtur,
695 2940 846 3001 suamque
870 2919 1059 2983 sententiam
1080 2917 1130 2982 his
1153 2918 1345 3000 argumentis
1365 2920 1486 2980 tuetur:

407 3027 548 3092 Primum
570 3048 640 3092 eam
655 3026 866 3092 commendari
884 3025 1088 3090 similitudine
1102 3026 1236 3090 nominis
1256 3027 1325 3108 pari
1347 3022 1540 3108 syllabarum

192 3210 195 3218 ,
322 3156 452 3201 numero
476 3142 508 3200 et
530 3136 711 3219 quantitate
733 3134 874 3217 insignis,
899 3138 932 3199 61
955 3132 1021 3198 Sat.
1046 3135 1070 3197 Ι.
1096 3135 1125 3198 8.
1143 3156 1234 3198 versu
1249 3135 1298 3198 11.
1324 3155 1396 3198 cnm
1418 3131 1484 3197 Sat.
1508 3133 1540 3195 4.

257 3307 259 3313 .
322 3268 351 3311 v.
378 3245 396 3308 7
400 3245 427 3308 2.
452 3245 569 3310 6611616
593 3244 674 3328 (Η66
696 3243 828 3308 miserae
850 3241 936 3325 plebi
959 3242 1068 3307 stabat
1080 3264 1243 3308 commune
1259 3243 1447 3324 sepulcrum,
1460 3241 1542 3305 Pan-

320 3351 430 3418 tolabo
444 3374 571 3418 scurrae
582 3357 641 3417 etc.
661 3391 700 3398 -
718 3352 794 3428 Quis
816 3373 929 3421 manus
951 3351 1078 3416 insudet
1100 3351 1187 3433 vulgi
1209 3350 1477 3433 Hermogenisque
1489 3349 1541 3413 Ti-

319 3460 417 3546 gelli),
431 3460 544 3525 deinde
556 3459 747 3544 adjectivum
763 3459 897 3542 pulchri,
911 3459 996 3541 quod
1006 3459 1197 3541 Hermogeni
1211 3460 1350 3523 1.-10.
1370 3459 1421 3523 17.
1437 3457 1541 3523 tribu-

320 3574 383 3649 tur,
401 3567 591 3633 affinitatem
604 3567 736 3651 prodere
751 3568 912 3652 quandam
929 3589 1000 3633 cum
1015 3588 1142 3633 scurrae
1158 3569 1347 3650 cognomine,
1364 3566 1542 3632 Pontolabo

320 3676 405 3742 dato.
430 3675 493 3742 Sed
515 3676 804 3760 quomodocumque
827 3698 860 3741 se
882 3675 961 3741 haec
982 3675 1111 3755 habent,
1134 3676 1181 3739 nil
1204 3698 1243 3740 ex
1269 3676 1309 3740 iis
1339 3675 1381 3739 ad
1403 3680 1539 3759 tempus,

319 3807 383 3870 quo
407 3783 514 3850 Satira
537 3785 656 3867 scripta
679 3785 730 3866 sit,
754 3784 871 3850 adferri
889 3805 980 3867 posse
1003 3789 1197 3868 compertum
1219 3783 1383 3849 habemus.

407 3892 555 3976 Speciosa
578 3892 749 3958 admodum
764 3898 813 3958 est
828 3893 912 3958 ratio
927 3891 1092 3958 Kirchneri
1112 3893 1137 3977 3)
1154 3892 1295 3976 eclogam
1306 3913 1335 3956 a.
1354 3891 1540 3976 711156111-

319 4007 386 4068 tam
408 4023 476 4068 esse
500 4000 705 4084 conjicientis,
730 4001 814 4086 quod
829 4023 937 4068 versus
962 4002 1034 4067 114.
1062 4001 1134 4066 115.
1162 4003 1234 4068 116.
1252 4023 1291 4066 ex
1313 3999 1399 4084 Virg.
1425 4000 1538 4084 Georg.

313 4110 371 4176 lib.
410 4112 435 4175 Ι.
471 4134 499 4177 v.
535 4108 610 4175 512.
642 4128 725 4195 seq,
764 4131 793 4176 a.
834 4111 915 4176 719.
954 4109 996 4176 ad
1032 4109 1126 4176 finem
1153 4109 1299 4194 perducti
1328 4114 1361 4175 61
1390 4109 1540 4193 evulgati,

317 4219 456 4306 expressi
478 4220 552 4286 sint.

405 4511 422 4581 ¹)
439 4511 562 4566 Museum
579 4507 623 4563 fur
639 4505 708 4562 Phil.
726 4509 769 4562 97.
788 4508 831 4562 98.

402 4603 422 4671 ²)
443 4598 518 4656 Gonf.
538 4599 610 4655 Orel.
629 4597 670 4654 ed.
688 4597 753 4654 Hor.
772 4615 808 4668 p,
820 4597 850 4652 in
868 4611 921 4666 qua
937 4600 1022 4653 totam
1040 4595 1073 4652 de
1091 4595 1200 4653 Maenio
1218 4598 1399 4656 narrationem
1416 4598 1537 4657 invenies

315 4690 367 4746 vol.
384 4690 418 4747 Π.
430 4707 457 4760 p.
477 4693 518 4745 15.
538 4691 579 4744 16.
597 4690 626 4743 in
644 4704 710 4744 com.
729 4687 764 4744 ad
783 4687 809 4743 S.
827 4687 848 4742 I.
868 4690 927 4742 101.

401 4781 420 4853 ³)
440 4781 494 4837 Sat.
513 4780 613 4837 Histor.
630 4778 786 4851 Einleitung
802 4795 829 4850 p.
849 4782 889 4834 11.
