3726 5618
860 629 1034 696 ..40-

323 824 526 893 ordinatione
549 823 676 910 saepius
698 825 859 910 proposui.
883 822 1015 893 Praeter
1037 821 1215 895 Frentinm
1236 826 1271 891 et
1290 821 1452 891 Teuffelus
1474 821 1554 893 sati·

317 953 389 999 ram
411 933 446 999 in
473 952 502 999 a.
535 931 611 998 722.
641 931 787 1010 contulit,
819 950 1016 1016 quamquam
1049 928 1122 998 aliis
1151 929 1331 1015 rationibus
1360 928 1487 998 ductus.
1521 931 1555 999 Ιι

318 1040 406 1106 enim
429 1037 605 1107 Heindorfii
628 1039 822 1124 conjectura,
844 1059 910 1123 qna
931 1038 1077 1123 ignotum
1100 1037 1186 1105 Catii
1204 1042 1448 1124 praeceptorem
1463 1037 1555 1106 Maa-

320 1153 467 1213 cenatem
500 1147 606 1233 ipsum
643 1145 740 1212 fuisse
762 1146 886 1226 statuit,
917 1151 1015 1230 atque
1038 1150 1118 1226 arto,
1141 1165 1208 1231 qua
1229 1165 1307 1211 neus
1327 1149 1425 1230 poeta
1450 1151 1553 1212 mate

320 1254 404 1319 riam
429 1259 508 1319 tam·
523 1251 685 1320 difficilem
708 1258 806 1337 atque
828 1252 964 1318 arduam
994 1272 1120 1319 summa
1149 1272 1224 1318 enm
1252 1249 1408 1319 facilitate
1429 1257 1464 1318 et
1486 1248 1550 1318 ele-

318 1360 431 1445 gantia
453 1361 615 1442 tractavit,
640 1382 678 1428 eo
700 1359 859 1427 adductus
889 1366 947 1441 est,
980 1366 1019 1426 ut
1048 1360 1182 1426 satiram
1204 1360 1374 1444 posteriori
1404 1359 1551 1445 tempori,

317 1487 380 1551 que
400 1466 580 1534 Maecenati
605 1467 759 1534 Horatius
775 1473 846 1533 erat
856 1466 989 1533 intimus
1008 1467 1140 1547 amiens,
1158 1465 1386 1551 assignandam
1401 1486 1470 1532 esse
1491 1488 1552 1552 pu·

316 1578 413 1639 taret.
437 1573 561 1640 Deinde
582 1579 686 1641 totam
707 1574 842 1640 satiram
857 1572 972 1640 festiva
987 1573 1129 1658 quadam
1143 1573 1248 1640 ironia
1262 1573 1426 1653 contineri,
1451 1593 1552 1658 eoque

315 1678 448 1746 consilio
471 1681 595 1746 occulto
618 1681 828 1765 compositam
858 1700 927 1747 esse
958 1680 1045 1760 dicit,
1073 1685 1111 1745 nt
1140 1699 1192 1746 res
1213 1678 1394 1775 descriptae
1416 1700 1551 1745 revera

317 1806 418 1852 ranae
448 1792 482 1852 et
507 1786 633 1872 dignae
658 1807 741 1872 quae
769 1787 1019 1873 despicerentur,
1043 1791 1247 1872 apparerent.
1270 1787 1423 1866 Quamvis
1453 1792 1551 1872 poeta

316 1891 391 1959 illas
412 1913 477 1958 non
498 1894 579 1960 adeo
600 1892 787 1979 negligeret,
806 1900 844 1960 ut
866 1914 921 1960 eae
937 1893 1162 1960 describendae
1183 1893 1325 1961 sibinen
1347 1899 1548 1979 proponeret,

315 2005 426 2067 tamen
437 1999 522 2066 idem
533 2021 588 2068 eas
607 1999 841 2082 contemnebat,
857 2007 895 2068 nt
917 2002 965 2067 ait
986 1998 1154 2081 Teuffelus,
1174 2000 1323 2067 addictus
1339 2021 1438 2066 senae
1457 1998 1552 2068 Oielli

315 2107 451 2188 rationi,
486 2127 584 2192 qnam
613 2106 702 2174 band
732 2107 835 2174 multo
871 2112 945 2193 post
977 2107 1012 2173 in
1042 2107 1144 2173 satira
1170 2113 1263 2173 sexta
1295 2128 1420 2173 summo
1443 2107 1551 2174 studio

315 2327 407 2388 sexta
428 2319 503 2386 libri
525 2321 656 2387 secundi
678 2342 761 2401 vero,
789 2321 874 2386 idem
911 2321 967 2401 ait,
991 2325 1079 2386 certo
1105 2320 1139 2385 in
1172 2318 1268 2386 finem
1305 2341 1335 2388 a.
1371 2320 1445 2387 723.
1468 2320 1549 2388 inci-

316 2428 376 2508 dit,
400 2427 611 2512 qnamobrem
634 2428 769 2495 satiram
790 2433 943 2513 quartam
971 2448 1002 2495 a.
1027 2427 1101 2494 722.
1134 2426 1363 2512 assignandam
1384 2447 1454 2493 esse
1475 2449 1550 2494 oen·

317 2540 367 2601 set
395 2535 429 2618 ¹).
453 2533 513 2600 Cui
535 2536 722 2617 sententiae,
754 2557 828 2601 eum
842 2534 959 2601 saltem
980 2533 1123 2619 aliquam
1148 2532 1388 2618 probabilitatis
1410 2535 1550 2620 speeiem

316 2639 436 2708 habere
457 2639 613 2722 videatur,
638 2648 671 2708 et
693 2663 751 2726 ego
773 2642 899 2723 accedo,
913 2642 1044 2708 missam
1066 2640 1187 2707 faciens
1201 2640 1372 2707 Kirehneri
1394 2646 1428 2708 et
1442 2641 1549 2709 Wala-

316 2747 448 2816 kenaeri
470 2748 661 2833 opinionem,
685 2769 750 2834 qua
772 2749 907 2815 satiram
929 2768 1014 2815 anno
1038 2747 1112 2813 724.
1136 2748 1352 2832 assignarunt.

403 3176 452 3244 De
473 3175 578 3241 sotira
599 3173 713 3258 quinto
734 3193 799 3239 non
820 3170 976 3240 iaciemus
996 3170 1096 3240 rerba
1120 3173 1233 3256 multa,
1256 3194 1331 3241 enm
1351 3195 1453 3243 mmm
1474 3180 1549 3242 tan·

316 3288 386 3350 tnm
407 3283 514 3350 locum
536 3280 723 3361 habeamus,
747 3280 804 3366 qui
837 3280 968 3365 quidem
990 3281 1031 3348 de
1059 3285 1169 3348 aetate
1198 3282 1318 3349 satirae
1339 3302 1398 3348 nos
1422 3282 1547 3351 doceat.

316 3391 377 3458 Est
398 3395 507 3459 entem
528 3408 610 3455 rere.
634 3388 698 3469 62,
722 3393 756 3454 et
777 3407 866 3473 seqq.

449 3601 687 3685 Properando
703 3600 827 3686 jacente
848 3599 983 3668 Parthie
1004 3599 1184 3682 leocadae,
1206 3602 1247 3670 ab
1269 3602 1334 3670 alto

449 3708 630 3776 Dactionum
648 3727 747 3793 pereae
768 3707 886 3788 Aenea,
911 3708 1017 3775 tellme
1038 3710 1181 3794 moripae

446 3816 588 3901 Mopsus
610 3816 680 3897 crit,
703 3815 782 3899 forti
802 3814 895 3882 nubet
910 3835 1045 3900 procera
1068 3814 1191 3884 Θοναηο

367 3953 369 3958 ·
449 3921 540 3990 Folio
561 3921 711 4004 Nasicae,
734 3924 899 3990 metuentis
921 3923 1047 3991 reddere
1069 3924 1198 3991 eolduoa.

405 4137 474 4204 Hoc
495 4136 566 4204 loeo
589 4137 760 4204 edocemur
781 4144 854 4221 post
876 4158 1019 4223 pugnam
1034 4138 1200 4204 Actiacam
1222 4137 1330 4206 idest.
1354 4160 1383 4205 a.
1408 4139 1482 4206 724.
1495 4160 1546 4207 sa-

316 4237 415 4309 tiram
437 4249 605 4308 exaratam
628 4265 706 4322 esse,
727 4265 800 4308 oum
815 4265 879 4310 nen
895 4246 938 4310 eit
959 4244 1139 4324 verisimile,
1162 4251 1291 4328 poetam
1302 4268 1353 4313 res
1379 4247 1547 4313 Octaviani

308 4351 561 4435 ‘terramam'que
572 4351 1547 4437 gestarantelaudevisse.llnavalipugnaNauloobensienim

405 4673 425 4744 ¹)
442 4673 548 4732 Horatii
567 4675 651 4730 Serm.
674 4674 719 4731 lib.
739 4673 792 4730 duo
810 4674 861 4730 rol.
880 4672 914 4730 Π.
933 4691 959 4744 p.
978 4676 1003 4731 2.
1022 4690 1082 4745 pag.
1103 4677 1162 4730 114.
1180 4689 1237 4743 aeq.
1296 4669 1318 4714 Γ
