3726 5618
936 610 1155 723 ⁹-3a-

537 848 665 917 Satires
686 858 810 918 octavae
831 874 950 918 annum
972 852 1166 920 constituere
1187 871 1256 919 esse
1278 872 1346 918 rem
1376 874 1532 938 perquam
1568 838 1682 922 diffici-

449 958 510 1023 lem
531 958 563 1022 in
586 980 685 1043 saque
708 962 907 1046 conjecturae
930 961 1034 1026 locum
1056 960 1196 1025 dandum
1219 980 1327 1026 omnes
1349 960 1409 1026 1111
1432 960 1520 1028 docti
1543 960 1683 1047 ingenue

448 1064 598 1132 fatentur.
623 1067 801 1133 Videndum
823 1070 921 1151 igitur
944 1068 1036 1133 nobis
1058 1070 1128 1148 erit,
1153 1089 1249 1152 quam
1271 1068 1471 1153 potissimum
1487 1072 1682 1137 sententiam
1760 1062 1763 1067 ’
1846 1104 1850 1123 =

449 1172 641 1241 firmioribus
680 1178 786 1241 nixam
825 1179 1020 1259 argumentis
1057 1178 1299 1261 amplectamur.
1331 1176 1470 1244 Maxime
1502 1180 1587 1245 enim
1617 1179 1681 1246 viri

450 1281 536 1347 docti
558 1283 590 1346 in
612 1303 696 1350 anno
718 1285 939 1351 constituendo
967 1285 1169 1363 dissentiunt,
1205 1290 1243 1349 ut
1280 1285 1382 1368 primo
1414 1293 1679 1371 argumentorum

451 1388 568 1456 obtutu
590 1391 643 1455 vix
665 1413 757 1474 quern
782 1394 933 1477 sequaris
958 1392 1084 1458 habeas
1109 1392 1171 1457 Sed
1194 1392 1493 1459 ratiocinationibus
1514 1400 1549 1461 st
1562 1394 1678 1461 Kirch·

450 1498 517 1562 nori
540 1504 573 1563 et
595 1498 733 1579 Frankii,
758 1500 896 1566 11161611
920 1505 952 1566 61
976 1521 1101 1565 summa
1135 1500 1282 1567 doctrina
1320 1506 1354 1566 et
1387 1500 1548 1585 diligentia
1569 1508 1604 1567 et
1623 1504 1675 1567 in-

449 1604 533 1686 genii
555 1607 697 1672 6661111116
712 1607 881 1689 insignium
903 1608 1084 1673 accuratius
1107 1608 1276 1691 pensitatis
1297 1612 1466 1692 utrumque
1479 1628 1600 1673 errasse
1620 1610 1668 1673 in-

450 1712 563 1778 verrios.
585 1713 643 1779 Ι116
665 1714 698 1778 in
720 1714 960 1799 quaestionibus
983 1716 1048 1780 suis
1079 1714 1263 1781 Horatianis
1293 1737 1323 1799 p.
1351 1716 1401 1782 16.
1432 1716 1565 1801 Bentleji
1585 1736 1671 1781 com·

450 1820 649 1902 putationem
671 1822 844 1889 convellere
878 1827 1010 1888 conatus
1040 1828 1089 1887 ost
1118 1823 1174 1903 ita,
1198 1829 1236 1888 ut
1258 1822 1388 1903 diceret,
1413 1844 1486 1889 cum
1513 1823 1548 1887 in
1566 1822 1625 1887 lib.
1647 1822 1675 1887 1.

451 1922 515 1990 Sat
540 1926 569 1990 8.
592 1927 665 1993 novi
687 1930 879 1995 Maecenatis
901 1929 985 1995 horti
1001 1930 1033 1994 in
1049 1929 1208 2013 Esquiliis,
1232 1930 1301 1996 loco
1324 1929 1412 2014 prius
1427 1930 1581 2015 sepulcris
1595 1950 1676 2014 pau-

451 2054 561 2117 perum
585 2034 744 2104 destinato
767 2043 1018 2103 memorarentur
1041 2043 1073 2101 et
1095 2036 1127 2101 in
1151 2037 1205 2102 lib.
1230 2037 1270 2102 ΙΙ.
1295 2042 1355 2103 sat
1377 2037 1475 2103 tertia
1503 2038 1538 2101 in
1566 2034 1678 2103 ascia

451 2141 552 2208 cando
574 2145 671 2209 etiam
694 2151 866 2230 occupatus
889 2151 1066 2230 appareret,
1092 2184 1131 2191 -
1156 2146 1273 2211 satiras
1294 2144 1352 2211 has
1382 2166 1444 2211 non
1477 2144 1572 2210 nimis
1594 2149 1675 2210 tem·

449 2271 525 2333 porc
562 2272 654 2335 posse
686 2254 769 2319 inter
803 2276 836 2319 se
873 2276 941 2320 csse
974 2254 1159 2337 disjunctas.
1193 2253 1299 2337 Atque
1328 2272 1396 2319 cum
1428 2272 1469 2317 ex
1501 2251 1670 2317 aedilitate

450 2357 609 2442 Agrippae
631 2384 659 2427 v.
687 2362 758 2425 185.
783 2362 923 2428 indicata
946 2362 1085 2427 Satiram
1107 2359 1183 2425 libri
1205 2361 1337 2427 secundi
1356 2359 1484 2427 tertiam
1503 2380 1567 2425 non
1596 2364 1674 2425 ante

451 2485 569 2530 annum
602 2468 675 2532 122.
707 2470 858 2555 scriptam
892 2491 960 2536 esse
993 2469 1072 2535 satis
1103 2474 1273 2547 constaret,
1308 2468 1377 2552 jam
1405 2464 1573 2553 propterea
1605 2464 1674 2532 Sat.

451 2572 507 2637 lib.
531 2574 555 2639 Ι.
581 2580 724 2643 octavam
747 2598 775 2643 6.
801 2579 874 2643 721.
898 2577 1108 2661 probabiliter
1130 2576 1275 2641 attribui.
1310 2576 1429 2643 0611116
1458 2594 1553 2659 quam
1582 2594 1678 2658 argu·

450 2685 678 2751 mentationem
699 2684 855 2751 Frankius
878 2686 925 2750 ita
947 2706 1078 2751 exorsus
1101 2688 1162 2748 est:
1186 2684 1328 2748 Primum
1347 2684 1417 2775 jam
1430 2683 1466 2747 id
1480 2682 1598 2761 falsum
1614 2686 1676 2762 est,

451 2790 536 2871 quod
558 2794 690 2859 satiram
712 2794 841 2881 tertiam
880 2793 955 2858 libri
985 2794 1113 2859 secundi
1146 2798 1221 2858 ante
1252 2811 1371 2857 annum
1406 2791 1480 2855 122.
1512 2795 1683 2855 exaratam

451 2917 518 2963 esse
541 2907 636 2984 negat
657 2900 859 2966 Kirchnerus.
883 2901 965 2965 Nam
987 2922 1058 2964 curu
1080 2894 1684 2984 181166616111611116721661111116116

451 3026 530 3071 onus
552 3008 638 3073 ultro
661 3012 833 3092 susceperit
857 3008 939 3091 (Dio.
958 3008 1009 3071 49.
1027 3008 1105 3093 la),
1130 3009 1197 3093 ipse
1219 3028 1328 3072 versus
1353 3006 1436 3086 185,
1453 3006 1487 3070 iu
1502 3026 1565 3089 quo
1581 3004 1681 3099 hujus

452 3113 497 3177 rei
519 3115 638 3181 montio
660 3114 713 3180 lit:

585 3302 734 3371 “Scilicet
755 3310 791 3370 61
808 3304 951 3387 placeas,
976 3325 1051 3386 quos
1072 3306 1134 3387 1611
1157 3302 1310 3385 Aprippo,
1333 3304 1420 3385 feras
1443 3295 1518 3380 16,

451 3492 553 3574 docet,
578 3495 710 3561 satiram
733 3495 842 3561 eodem
864 3515 947 3560 anno
967 3499 1000 3560 61
1022 3493 1162 3577 potuisse
1192 3490 1289 3557 scribi
1323 3495 1358 3557 et
1388 3489 1541 3573 scriptam
1570 3487 1683 3555 verisi-

452 3600 527 3665 mile
548 3622 624 3668 esse.
656 3602 760 3682 Quare
796 3603 845 3669 vel
878 3603 925 3667 ita
961 3602 1062 3667 satira
1096 3600 1119 3665 Ι.
1144 3601 1173 3664 8.
1202 3599 1300 3683 priori
1322 3598 1457 3681 tempori
1487 3595 1684 3679 assignanda

453 3706 558 3773 fucrit.
582 3748 621 3756 -
647 3708 709 3776 Sed
728 3710 808 3776 illud
829 3710 960 3775 Frankii
981 3711 1204 3791 argumentum
1225 3726 1308 3772 nunc
1329 3706 1363 3769 in
1384 3704 1489 3770 medio
1517 3702 1683 3787 relinqua·
1805 3772 1808 3777 ,

454 3837 533 3896 mus,
558 3821 590 3882 et
612 3817 749 3883 alterum
771 3818 877 3901 potius
900 3815 1140 3883 consideremus.
1164 3814 1251 3879 Dicit
1272 3813 1364 3893 euim,
1388 3817 1427 3877 ut
1447 3808 1600 3878 brevibus
1613 3830 1684 3877 rem

454 3923 706 4008 complecterer
730 3910 795 3991 Sat.
819 3926 847 3989 2.
872 3928 912 3989 3..
938 3925 1009 3990 308.
1034 3943 1120 4006 seq:

1012 4127 1145 4210 Accipe:
1161 4129 1305 4210 primurn

607 4239 920 4324 1461111666166661,
944 4236 1218 4320 16196616116116,
1242 4235 1281 4300 61
1305 4236 1370 4300 trero-

608 4345 663 4412 Ad
683 4365 838 4412 6666666
861 4342 1261 4427 16166661611166616116

457 4536 489 4596 et
512 4549 551 4595 ex
573 4552 600 4596 v.
625 4528 698 4595 312.

569 4709 572 4716 ’
611 4734 665 4801 Aa
687 4734 882 4818 6661666666
903 4732 982 4816 lectt
1004 4730 1182 4812 Maecenas,
1206 4737 1235 4796 16
1258 4730 1581 4813 666666661666661.
