3726 5618
669 635 840 701 -27-

142 851 281 918 Antonio
303 850 430 932 diceret,
447 850 532 936 quod
555 871 589 917 se
604 871 667 916 non
682 854 896 935 exspectasset
911 851 934 935 ¹)
954 848 1042 915 “Sed
1059 847 1176 915 Caesar
1191 850 1238 914 ait
1253 849 1365 915 Kirch-

142 961 275 1046 nerus2)
298 979 355 1044 per
376 964 532 1025 aestatem
552 959 627 1024 anni
650 960 723 1024 710.
746 959 887 1042 ingentia
909 957 1024 1023 damna
1045 958 1079 1023 in
1101 956 1185 1023 bello
1207 957 1368 1023 maritimo

144 1072 255 1133 contra
278 1065 365 1133 Sext.
390 1067 575 1152 Pompejum
598 1087 774 1151 perpessus,
799 1087 871 1131 oum
900 1067 1072 1131 maximam
1106 1065 1216 1131 classis
1243 1070 1368 1149 partem

143 1175 236 1240 simul
258 1196 330 1240 cum
353 1175 464 1241 multis
487 1174 586 1257 copiis
607 1175 692 1239 cirea
715 1172 893 1258 Scyllaeum
915 1173 1166 1257 promontorium
1196 1177 1266 1237 tum
1295 1193 1368 1256 pro-

145 1284 231 1348 cellis
251 1288 321 1372 tum
345 1285 376 1351 vi
398 1283 508 1349 hostili
522 1280 722 1367 perdidisset,
746 1282 779 1346 in
795 1283 925 1348 summis
940 1303 1046 1347 rerum
1062 1303 1191 1348 suarum
1214 1281 1369 1364 angustiis

145 1391 359 1457 Maecenatem
381 1391 424 1457 ad
446 1391 620 1457 Antonium
642 1391 781 1469 miserat,
805 1391 860 1474 qui
881 1391 976 1455 modo
999 1395 1086 1455 ortas
1101 1390 1185 1455 inter
1198 1394 1370 1474 utrumque

146 1500 372 1566 controversias
394 1504 428 1565 et
449 1499 629 1565 simultates
652 1502 860 1582 componeret,
885 1498 1039 1581 illumque
1062 1497 1089 1562 si
1110 1495 1178 1562 fieri
1199 1501 1305 1584 posset
1327 1495 1369 1561 ad

145 1604 220 1671 belli
250 1607 437 1672 societatem
476 1605 684 1691 pertraheret.
715 1605 848 1670 Ineunte
881 1626 953 1671 vere
985 1604 1145 1687 sequentis
1175 1604 1250 1669 anni
1281 1604 1366 1682 717,

145 1713 302 1779 Antonius
325 1735 397 1780 cum
419 1714 571 1780 trecentis
594 1712 730 1780 navibus
751 1714 785 1778 in
806 1713 934 1778 Italiam
964 1713 1060 1793 venit,
1092 1712 1276 1778 societatem
1299 1711 1369 1795 qui-

148 1818 218 1904 dem
239 1819 318 1885 belli
340 1827 449 1887 contra
469 1821 655 1906 Pompejum
679 1820 807 1904 gerendi
828 1821 1042 1906 praetendens,
1060 1819 1115 1886 sed
1126 1842 1161 1886 re
1180 1841 1255 1887 vera
1269 1818 1370 1908 magis

148 1927 339 2010 speculandi,
364 1951 459 2013 quam
480 1930 592 2015 agendi
615 1951 721 1995 causa.
746 1929 965 2014 Exasperatus
981 1935 1064 2033 eninq
1078 1928 1119 1994 ob
1136 1929 1369 1994 criminationes

146 2035 302 2119 quasdam
325 2043 507 2122 suspectum
528 2037 644 2104 habuit
667 2037 845 2105 Caesarem.
869 2038 1073 2118 Brundisium
1106 2059 1215 2104 versus
1242 2058 1369 2103 cursum

144 2141 269 2224 direxit,
293 2144 401 2229 ibique
424 2151 529 2212 castra
563 2168 679 2230 ponere
709 2146 901 2227 decreverat,
935 2145 991 2230 sed
1027 2167 1047 2211 a
1076 2144 1288 2229 Brundisinis·
1306 2166 1370 2210 non

144 2250 301 2318 admissus
325 2253 498 2320 Tarentum
522 2255 655 2321 classem
678 2255 872 2339 circumegit,
897 2254 1006 2338 ibique
1021 2254 1142 2319 diutius
1157 2258 1370 2319 commoratus

144 2364 201 2424 est.
226 2361 308 2425 Nam
331 2360 449 2427 Caesar
471 2363 631 2429 nonnullis
654 2362 759 2443 rebus,
784 2384 866 2448 quae
888 2363 1010 2428 interea
1032 2361 1093 2445 ipsi
1115 2360 1239 2427 faustae
1261 2382 1370 2428 evene·

145 2471 229 2546 rant,
255 2469 359 2534 elatus
385 2474 417 2535 et
439 2469 577 2536 Antonio
600 2471 755 2554 imprimis
778 2476 907 2555 propter
936 2491 1026 2555 opem
1057 2469 1217 2553 superiore
1249 2474 1370 2534 aestate

145 2574 179 2638 in
203 2574 388 2661 Pompejum
410 2598 473 2643 non
496 2578 683 2661 praestitam
707 2599 892 2643 succensens
925 2600 988 2644 non
1015 2578 1082 2661 ipse
1112 2577 1222 2642 statim
1246 2597 1370 2660 compa·

144 2682 219 2763 ruit,
253 2682 309 2750 sed
345 2706 401 2768 per
438 2685 653 2752 internuncios
690 2701 786 2770 agens
817 2686 971 2752 auxilium
1002 2683 1063 2750 sibi
1095 2683 1239 2751 oblatum
1268 2685 1369 2769 primo

144 2795 286 2876 tempore
308 2791 387 2860 adeo
411 2792 611 2873 detrectavit,
637 2799 669 2859 et
702 2793 822 2860 frustra
851 2791 1086 2860 conditionibus
1119 2793 1205 2858 ultro
1229 2793 1371 2877 citroque

144 2897 337 2982 perferendis
361 2906 393 2966 et
415 2901 574 2984 agitandis
594 2907 720 2986 tempus
743 2901 917 2982 terebatur,
949 2901 1048 2968 donec
1071 2899 1203 2967 Octavia
1232 2901 1301 2985 ipsa
1322 2901 1369 2965 in·

145 3006 325 3074 tercedente
347 3006 492 3075 effectum
516 3015 574 3090 est,
607 3015 644 3076 ut
667 3011 874 3096 imperatores
898 3010 1072 3076 Tarentum
1102 3010 1185 3074 inter
1214 3014 1246 3074 et
1268 3009 1370 3075 Meta·

144 3119 276 3197 pontum
309 3117 468 3200 congressi
490 3117 522 3182 in
549 3120 686 3201 gratiam
717 3118 890 3198 redirent„
919 3158 958 3166 -
991 3117 1108 3184 Caesar
1130 3117 1242 3201 viginti
1270 3116 1371 3182 millia

144 3222 283 3289 militum
305 3223 442 3290 Antonio
465 3223 507 3290 ad
527 3224 648 3290 bellum
670 3225 863 3304 Parthicum,
881 3225 1036 3293 Antonius
1053 3223 1180 3290 Caesari
1198 3225 1261 3289 100
1274 3245 1371 3291 naves

144 3335 300 3397 rostratas
322 3330 419 3397 dedit.
443 3332 564 3398 Deinde
586 3331 735 3400 abierunt
769 3339 938 3418 prorogato
974 3333 1036 3399 sibi
1064 3332 1196 3398 invicem
1227 3331 1370 3397 triumvi-

144 3443 218 3504 ratu
240 3438 274 3504 in
297 3439 555 3524 quinquennium,
577 3441 733 3508 Antonius
755 3442 788 3506 in
812 3440 943 3527 Syriam,
968 3439 1084 3506 Caesar
1106 3439 1147 3505 ad
1170 3438 1292 3506 bellum
1323 3437 1370 3506 Si-

146 3545 251 3610 culum
266 3547 301 3632 3).
324 3546 517 3613 Plutarchus
539 3569 604 3613 rem
628 3549 675 3615 ita
697 3553 823 3615 narrat:

228 3704 337 3790 Αὐτὸς
348 3709 383 3777 δὲ
395 3706 594 3793 (Ἀντώνιος)
617 3709 713 3778 πάλιν
725 3711 759 3779 ἐκ
770 3714 865 3779 τινῶν
886 3714 1043 3797 διαβολῶν
1054 3709 1269 3797 παροξυνθεὶς
1290 3705 1371 3794 πρὸς
1398 3717 1400 3720 ’

145 3814 298 3899 Καίσαρα
318 3815 632 3900 νανσὶτριακοσλαις
655 3814 740 3883 ἔπλει
760 3813 842 3902 πρὸς
863 3811 922 3902 τὴν
941 3811 1094 3882 Ἰταλίαν.
1127 3811 1167 3882 οὐ
1189 3813 1371 3901 δεξαμένων

145 3917 180 3984 δὲ
201 3921 264 3985 τῶν
286 3920 506 4005 Βρεντεσίνων
516 3917 572 3986 τὸν
584 3916 701 3988 στόλον
723 3921 767 3998 εἰς
794 3917 944 4002 Τάραντα
966 3918 1198 4006 περιώρμισεν.
1222 3918 1371 3986 {chaddo

144 4020 202 4109 τὴν
230 4019 422 4091 Ὀκταουίαν
445 4022 606 4106 (συνέπλει
626 4022 689 4109 γὰρ
722 4020 786 4091 ἀπὸ
808 4027 863 4109 τῆς
891 4020 1043 4102 Ἑλλάδος
1071 4020 1170 4114 αὐτῷ)
1199 4025 1371 4109 δεηθεῖσαν

145 4122 324 4213 ἀποπέμπει
344 4126 425 4213 πρὸς
447 4124 504 4195 τὸν
527 4123 681 4214 ἀδελφὸν,
714 4125 830 4212 ἔγκυον
852 4125 910 4212 μὲν
932 4116 1044 4208 οὖσαν,
1071 4123 1134 4213 ἤδη
1162 4125 1197 4193 δὲ
1223 4125 1277 4194 καὶ
1299 4125 1369 4194 δεύ-

144 4254 238 4317 τερον
257 4231 292 4313 ’ἐξ
314 4227 416 4299 αὐτοῦ
437 4229 614 4317 θνγολτριον
638 4228 820 4318 ἔχουσανλ)
841 4228 1099 4318 δ’ἀπαντὴσασα
1113 4225 1275 4299 καθ’ὁδὸν
1291 4232 1369 4298 Καί-

146 4349 229 4421 σαρι,
251 4335 306 4403 καὶ
326 4338 560 4421 παραλαβοῦσα
573 4339 636 4401 τῶν
659 4335 781 4403 ἐκεῖνον
792 4337 896 4422 φίλων
912 4331 1090 4421 Ἀγρίππαν
1109 4335 1163 4402 καὶ
1182 4333 1368 4421 Μαικήναν,

233 4510 539 4629 thademertonam
558 4557 622 4614 Hor.
641 4575 667 4629 p.
686 4561 728 4614 57.
748 4559 771 4630 ᾖ.
790 4561 815 4614 6.
865 4548 874 4566 ’

234 4654 253 4719 ²)
273 4649 380 4720 Quaest.
398 4648 463 4704 Hor.
481 4665 507 4718 p.
526 4649 568 4704 58.
588 4649 611 4720 ξ.
633 4652 673 4704 10.

234 4751 252 4819 ³)
271 4748 385 4820 Appian.
403 4748 437 4804 V.
455 4751 497 4804 95.
519 4778 548 4792 ·-
569 4748 621 4804 Dio
641 4747 714 4805 Cass.
732 4744 854 4802 XLVIII.
873 4746 915 4802 ol.
936 4773 966 4787 -
987 4743 1121 4801 Plutarch.
1140 4744 1238 4802 hoton.
1258 4744 1299 4803 35.
