3726 5618
645 612 819 674 ..17-

43 786 46 791 ’
116 812 335 877 Maecenatem
356 815 465 894 aperte
488 810 647 875 nominare
669 807 741 873 inde
762 814 861 891 patet,
885 810 969 893 quod
992 811 1043 877 hic
1070 818 1180 896 potens
1203 819 1273 880 erat
1305 821 1339 882 et

118 919 205 1003 apud
227 919 425 984 triumvirum
457 917 592 983 maxime
618 915 754 982 valebat.
787 917 954 982 Horatium
985 940 1073 998 vero,
1106 922 1160 1003 qui
1192 942 1213 987 a
1245 922 1337 988 Bruti

121 1025 266 1110 partibus
289 1031 423 1091 steterat
444 1025 534 1090 illum
556 1029 733 1089 aversatum
756 1045 831 1097 csse,
856 1030 888 1090 et
911 1027 978 1091 sale
1000 1048 1055 1092 suo
1074 1026 1270 1111 perbicmsse
1291 1030 1337 1094 fa·
1468 1034 1471 1041 '

120 1135 178 1200 cile
199 1138 297 1218 patet.
321 1133 374 1198 llli
396 1154 468 1198 cum
490 1131 617 1197 tandem
639 1152 659 1196 a
680 1129 776 1195 Vario
799 1136 831 1196 et
853 1154 874 1196 a
895 1131 1027 1217 Virgilio
1044 1156 1072 1199 a.
1095 1136 1167 1201 716.
1185 1157 1338 1203 commen-

122 1242 216 1307 datus
238 1247 271 1307 et
292 1242 411 1307 amicus
434 1240 537 1306 factus
553 1244 643 1311 esset,
662 1245 728 1303 tam
751 1240 964 1322 imprudenter
986 1246 1019 1306 et
1040 1242 1163 1324 ingrate
1175 1265 1277 1326 agere,
1301 1251 1338 1311 ut

121 1355 282 1434 potentem
301 1349 458 1415 fautorem
491 1346 636 1431 publicae
665 1352 834 1429 exponeret
863 1347 1009 1427 irrisioni,
1044 1370 1106 1425 non
1136 1351 1249 1433 potuit.
1274 1352 1339 1418 Nec

122 1456 272 1523 credibile
303 1462 360 1535 est,
396 1478 467 1522 eum
494 1454 583 1520 brevi
611 1460 683 1537 post
713 1453 794 1519 hanc
825 1453 1068 1522 ludificationem
1104 1456 1281 1524 Maecenati
1305 1481 1338 1525 se

119 1563 329 1629 commendari
350 1584 478 1647 passum
492 1562 595 1627 fuisse.
613 1560 797 1626 Rectissime
811 1561 908 1644 igitur
923 1562 1118 1630 Weichertus
1135 1567 1169 1647 ¹),
1188 1588 1259 1632 cum
1274 1588 1335 1650 quo

116 1676 151 1735 et
171 1670 346 1737 Kirchuero
368 1677 401 1736 et
422 1670 561 1736 Frankio
583 1670 737 1747 convenit,
771 1689 826 1751 per
848 1674 1002 1735 aestatem
1025 1691 1054 1736 a.
1077 1694 1109 1737 ιι.
1134 1693 1159 1736 c.
1185 1673 1257 1737 814.
1284 1674 1337 1738 Ti-

122 1777 250 1860 gellium
269 1784 431 1845 mortuum
445 1784 559 1844 censet.
584 1776 705 1842 Deinde
720 1777 850 1841 satiram
865 1777 946 1842 hanc
960 1779 1086 1862 scripsit
1101 1800 1200 1863 eaque
1222 1801 1336 1865 acqua-

121 1884 200 1951 lium
222 1887 310 1965 vitia,
334 1892 373 1951 ut
394 1885 555 1961 adulteria,
579 1887 724 1964 incestos,
748 1906 870 1950 amores
885 1907 1053 1968 puerorum
1065 1887 1336 1956 vehementissime

121 1993 275 2060 Horatius
308 1994 488 2077 exagitarit.
518 1994 584 2058 Nec
605 1998 712 2058 tamen
734 1992 948 2082 Kirchnerol)
979 2000 1011 2059 et
1032 1995 1169 2063 Frankio
1178 1998 1205 2082 ³)
1240 1998 1339 2065 credi-

118 2101 228 2180 derim,
251 2103 305 2185 qui
328 2106 476 2167 statuunt
495 2107 607 2185 poetae
628 2101 703 2166 anni
724 2101 889 2167 minimum
912 2103 1015 2186 spatio
1037 2124 1116 2186 opus
1138 2103 1243 2185 fuisse,
1258 2110 1297 2171 ut
1319 2127 1336 2171 e

117 2208 204 2275 bello
226 2209 419 2293 Philippensi
452 2208 553 2275 redux
583 2230 687 2274 rerum
711 2214 744 2274 et
773 2208 936 2275 hominum
970 2210 1003 2274 in
1033 2209 1113 2275 urbe
1142 2211 1337 2279 conditiones

115 2321 324 2401 pernosceret.
349 2316 469 2382 Romae
490 2318 573 2382 enim
596 2317 749 2382 educatus
772 2322 850 2396 erat,
887 2325 919 2382 et
941 2316 1026 2383 haud
1055 2317 1102 2383 ita
1131 2320 1234 2386 multo
1261 2326 1336 2386 ante

115 2424 425 2508 urbemreliquerat.
450 2423 568 2488 Tamen
591 2423 678 2488 ultra
692 2445 719 2488 a.
744 2425 814 2489 714.
838 2424 919 2489 hanc
942 2425 1072 2490 satiram
1095 2426 1233 2508 proferre
1247 2433 1333 2494 veta·

125 2554 207 2611 mur,
238 2532 312 2616 quia
347 2531 450 2614 prima
483 2531 621 2596 omnium
651 2531 713 2595 fuit
742 2531 797 2595 lib.
822 2532 847 2594 Ι.
873 2531 938 2596 Sat.
964 2534 1004 2611 7.,
1028 2538 1066 2597 nt
1095 2555 1152 2600 sno
1174 2535 1244 2601 loco
1267 2558 1336 2601 sum

121 2638 322 2724 probaturus.
357 2638 402 2703 Et
425 2638 451 2703 si
473 2639 573 2703 totius
598 2639 723 2721 eclogae
738 2637 832 2723 hujus
854 2638 1000 2704 habitum
1024 2641 1277 2726 consideraveris,
1309 2644 1334 2709 si

119 2748 285 2813 mateiiam
307 2751 404 2830 atque
427 2746 538 2811 silvam
560 2747 744 2829 respexeris,
779 2747 811 2811 in
835 2768 872 2811 ea
904 2749 1097 2830 congerenda
1129 2755 1225 2833 atque
1253 2746 1336 2815 ordi·

114 2853 222 2919 nanda
242 2854 408 2919 Luciliano
424 2854 489 2918 ritu
505 2853 657 2918 audacter
679 2855 780 2937 egisse
802 2860 927 2938 poetam
943 2853 1120 2921 confitearis
1137 2861 1186 2921 est
1200 2877 1333 2937 necesse,

115 2983 251 3047 eumque
272 2962 376 3045 ipsum
398 2961 609 3028 Triumvirum
631 2968 791 3045 potentem
813 2962 939 3046 oblique
961 2983 1098 3047 carpere,
1122 2964 1154 3027 in
1170 2966 1287 3030 amicos
1302 2971 1335 3030 et

115 3070 150 3135 in
172 3069 309 3135 asseclas
331 3090 404 3135 vero
427 3069 624 3149 nominatim,
637 3076 674 3134 nt
696 3070 729 3133 in
745 3069 939 3150 Sallustium,
965 3069 1171 3153 Cupiennium
1182 3071 1334 3138 Libonem

116 3176 151 3243 in
173 3178 314 3262 aliosque
335 3177 419 3242 viros
441 3178 593 3244 tenuioris
616 3178 734 3243 ordinis
756 3180 912 3243 invectum
937 3200 1004 3244 esse
1026 3179 1173 3245 invenies.
1207 3179 1244 3244 In
1266 3181 1334 3264 qui·

117 3284 179 3351 bus
199 3286 286 3352 vitiis
308 3284 522 3351 describendis
545 3307 615 3351 cum
637 3307 779 3351 sermone
801 3287 885 3351 vitae
907 3285 1108 3369 quotidianae
1130 3287 1275 3353 sordibus
1289 3288 1335 3352 in·

116 3393 249 3481 quinatc
270 3414 321 3458 res
343 3398 455 3477 turpes
477 3399 509 3459 et
531 3393 639 3460 foedas
661 3394 884 3477 proposuisset,
905 3394 1036 3478 juvenili
1058 3394 1236 3478 petulantia
1258 3416 1334 3480 qua·

116 3502 191 3568 dam
213 3507 246 3567 et
267 3502 387 3584 impetu
409 3501 576 3568 Horatium
600 3503 730 3568 satiram
762 3501 922 3585 scripsisse
951 3503 1023 3585 jure
1044 3508 1153 3569 nostro
1185 3503 1332 3571 dicemus.

117 3608 238 3689 Quibus
260 3609 452 3692 argumentis
473 3614 633 3693 permotus
656 3615 689 3676 et
711 3609 991 3695 Walckenaerus⁴)
1011 3608 1181 3692 judicavit:

207 3714 279 3782 “Oe
293 3721 365 3783 sont
387 3724 458 3782 tous
481 3716 527 3782 les
549 3720 640 3796 ricae,
665 3723 736 3782 tous
755 3717 801 3782 les
823 3723 946 3782 travers
969 3716 1046 3781 dont
1069 3717 1193 3782 Horace
1208 3715 1258 3781 fut
1280 3718 1327 3783 te·

117 3823 204 3890 moin
242 3823 295 3907 qui
333 3823 505 3888 exciterent
539 3844 574 3888 sa
604 3844 694 3889 venue
722 3823 873 3906 satirique
902 3827 935 3888 et
969 3822 1014 3887 lui
1045 3821 1138 3889 firent
1169 3823 1269 3889 e'crire
1299 3845 1334 3890 sa

118 3931 250 3997 seconde
280 3931 377 3997 satire
407 3930 449 3995 du
485 3929 563 3996 livre
584 3932 757 4014 premier„
784 3951 915 4014 eamque
943 3950 972 3994 a.
996 3931 1112 3996 aetatis
1135 3932 1331 4015 peraeae,

121 4036 206 4105 urbis
228 4040 302 4104 714.
326 4037 508 4122 assignavit.
567 4035 570 4041 ’

577 4233 881 4245 --ῄω---ι-ο

207 4438 213 4466 ¹
262 4437 303 4486 ‚3
341 4473 348 4486 .

202 4434 223 4590 ²l
240 4448 281 4578 be
300 4436 355 4578 gbl.
372 4523 483 4592 primae,
502 4538 554 4578 sec.
574 4528 600 4577 et
617 4523 714 4578 tertiae
732 4523 824 4592 Temp.

202 4614 223 4682 ³)
242 4612 316 4668 Fasti
333 4614 398 4668 Hor.
417 4631 442 4683 p.
461 4618 504 4669 89.

203 4704 223 4773 ⁴)
240 4702 303 4773 Peg.
324 4705 382 4759 115.
