3726 5618
850 642 1011 705 ,22-

311 843 454 925 ineptias,
479 840 587 924 quales
610 838 808 921 heredipetae
830 837 1068 902 benevolentiae
1099 836 1198 901 Fanni
1227 840 1405 922 captandae
1435 862 1533 908 causa

311 949 413 1015 facere
449 949 634 1033 potuissent,
666 946 791 1011 silentio
814 932 986 1027 praeterire,
1009 952 1039 1009 et
1063 947 1203 1027 potuisse
1231 953 1263 1009 et
1286 948 1423 1015 voluisse
1445 950 1532 1015 haud

312 1059 498 1137 negaverim.

401 1164 598 1230 Weichertus
634 1161 897 1245 perhonorificum
920 1162 1015 1225 fuisse
1049 1161 1135 1237 (licit,
1176 1162 1201 1225 si
1225 1164 1313 1246 cujus
1345 1165 1463 1248 scripta
1497 1168 1531 1231 in

313 1274 443 1356 privatis
465 1271 665 1335 bibliothecis
686 1277 918 1353 reponerentur.
945 1268 1005 1333 Sed
1028 1271 1193 1351 quominus
1215 1270 1254 1334 de
1276 1272 1399 1353 privata
1415 1273 1531 1339 biblio-

312 1380 405 1446 theca
427 1380 590 1462 cogitaret,
614 1379 760 1460 imaginis
782 1379 971 1442 mentionem
994 1376 1121 1442 obstare
1144 1379 1209 1460 ipse
1232 1379 1318 1453 ridit,
1343 1387 1376 1446 et
1398 1382 1530 1465 ingenue

312 1489 440 1566 fatetur,
476 1509 509 1552 se
541 1508 604 1552 non
628 1508 694 1551 esse
729 1493 917 1563 assecutum,
951 1507 1012 1567 quo
1044 1506 1136 1549 sensu
1178 1485 1291 1549 l'amrii
1320 1487 1527 1555 admiratores

313 1597 379 1680 ejus
402 1617 513 1679 capsas
536 1601 568 1659 et
590 1594 758 1676 imaginem
783 1594 977 1658 detulissent.
1002 1592 1109 1655 Etiam
1134 1613 1183 1655 me
1206 1593 1238 1655 iu
1260 1593 1374 1657 incerto
1395 1594 1522 1661 haerere

312 1725 448 1787 quonam
471 1702 563 1768 modo
585 1702 689 1766 locum
711 1701 799 1764 illum
816 1699 1112 1784 interprete1·‚haud
1129 1698 1183 1764 ibo
1202 1698 1327 1780 infitias,
1342 1703 1524 1784 praesertim

312 1832 383 1875 cum
405 1809 569 1876 Kirchneri
591 1808 895 1891 argumentationem
924 1807 1025 1893 primo
1048 1806 1163 1871 obtutu
1185 1829 1292 1872 veram
1321 1807 1397 1872 mihi
1418 1809 1526 1887 visam,

313 1918 481 1984 admodum
504 1916 641 1982 debilem
663 1938 730 1980 esse
753 1917 929 1980 invenerim.
952 1917 983 1980 Is
1006 1915 1088 1979 enim
1111 1916 1143 1978 in
1174 1915 1369 1997 praefatione
1385 1915 1531 1981 editionis

313 2047 388 2091 suae
406 2031 466 2090 sat.
484 2025 560 2089 Hor.
586 2045 615 2106 p.
632 2025 681 2089 14.
699 2023 814 2101 docuit,
830 2024 933 2087 locum
949 2029 1090 2087 nostrum
1107 2022 1148 2086 ad
1169 2021 1396 2087 bibliothecam
1413 2045 1441 2087 a.
1461 2026 1531 2089 721.

314 2133 355 2198 ab
378 2132 549 2199 Octaviano
569 2132 601 2195 in
624 2131 747 2214 porticu
770 2131 919 2195 Octaviae
942 2129 1098 2194 conditam
1121 2128 1313 2193 referendum
1337 2144 1405 2195 esse
1429 2154 1535 2199 suam·

314 2263 374 2326 que
397 2240 585 2306 sententiam
607 2239 639 2302 in
662 2238 885 2302 commentario
909 2236 949 2300 ad
973 2237 1103 2300 satiram
1134 2236 1339 2319 probaturum
1369 2260 1437 2303 esse
1460 2263 1534 2324 pro-

314 2350 408 2415 misit.
433 2348 551 2436 haetus
573 2348 677 2411 animo
699 2346 797 2428 igitur
819 2366 867 2408 me
890 2344 930 2408 ad
947 2345 1205 2409 commentarium
1220 2344 1383 2424 legendum
1398 2350 1531 2429 contuli,

315 2477 445 2541 sperans
466 2454 540 2532 fore,
564 2460 602 2518 ut
621 2453 748 2517 taudem
763 2474 869 2517 verum
892 2452 1054 2516 inveniam.
1080 2451 1140 2516 Sed
1162 2452 1298 2516 multum
1312 2475 1361 2517 me
1376 2476 1448 2537 spes
1463 2479 1535 2522 mea

314 2564 433 2630 fefellit.
458 2561 509 2627 Sic
532 2563 613 2626 enim
635 2583 699 2626 rem
722 2561 856 2645 probare
880 2562 958 2638 vult,
983 2562 1009 2625 si
1028 2561 1152 2644 quidem
1176 2562 1235 2627 hoc
1258 2569 1306 2627 est
1329 2564 1472 2645 probare,
1496 2571 1535 2631 ut

314 2673 419 2738 dicat:
444 2692 514 2736 oum
532 2671 598 2754 jam
631 2670 663 2733 iu
695 2669 889 2752 praefatione
922 2669 1053 2734 satiram
1086 2691 1202 2733 animm
1240 2671 1313 2734 722.
1349 2673 1535 2738 antecedere

314 2779 537 2865 nonpotuisse
560 2777 750 2861 probaverit,
774 2777 859 2842 facili
882 2778 981 2860 gradu
1005 2799 1037 2842 sc
1060 2778 1102 2842 ad
1118 2779 1306 2842 mentionem
1321 2778 1533 2846 bibliothecae

314 2887 355 2953 ab
379 2887 551 2953 Octaviano
572 2887 605 2949 in
628 2887 753 2968 porticu
776 2884 926 2950 Octaviae
948 2885 1093 2949 conditae
1116 2885 1248 2951 deferri!
1279 2886 1396 2952 Deinde
1426 2887 1531 2953 Melis-

317 3016 388 3060 sum
410 2993 569 3078 quendam
599 2993 837 3075 grammaticum
860 2990 1072 3057 bibliothecae
1095 2994 1285 3060 ordinandae
1320 2996 1533 3078 praepositum

315 3102 410 3168 fuisse
433 3108 551 3179 narrat,
577 3100 630 3183 qui
653 3100 741 3165 nulla
763 3098 974 3182 probabiliter
1003 3100 1201 3166 dubitatione
1232 3110 1314 3168 esset
1352 3104 1531 3185 impeditus,

317 3209 482 3296 quominus
505 3208 597 3273 Fauii
619 3208 681 3273 rivi
704 3208 870 3288 imaginem
892 3210 1053 3292 reciperet.

405 3318 492 3384 Idem
514 3315 706 3381 Kirchnerus
718 3337 757 3380 ex
768 3317 923 3381 mentione
946 3339 1058 3382 causae
1081 3318 1230 3382 Petillia.
1249 3320 1321 3382 722.
1338 3318 1533 3402 profligatae,

319 3426 452 3493 satiram
474 3430 547 3492 ante
571 3424 704 3490 eundem
726 3444 841 3487 annum
864 3422 959 3486 scribi
982 3447 1044 3489 nou
1068 3426 1207 3508 potuisse
1229 3432 1316 3491 certo
1339 3427 1440 3491 evinci
1464 3449 1537 3492 con·

319 3534 432 3601 tendit.
448 3535 472 3619 ¹)

407 3640 469 3708 Sed
491 3662 681 3725 quamquam
703 3639 961 3705 commentarium
984 3639 1149 3706 Kirchneri
1172 3642 1339 3724 diligenter
1361 3643 1479 3725 perlegi
1502 3648 1535 3708 et

320 3771 435 3831 omnes,
460 3771 538 3834 quos
560 3747 659 3813 habui
681 3747 787 3827 libros
820 3753 857 3811 ut
889 3747 972 3812 unde
995 3768 1110 3812 annum
1141 3770 1253 3815 causae
1286 3750 1370 3814 illius
1404 3750 1536 3816 eruisset

317 3858 462 3938 viderem,
499 3855 718 3941 pervestigari,
757 3876 920 3939 nusquam,
955 3877 994 3920 ne
1027 3857 1195 3939 vestigium
1229 3858 1353 3941 quidem
1388 3859 1536 3941 temporis

316 3968 407 4052 potui
429 3967 577 4033 invenire.
602 3965 671 4031 Nisi
693 3964 792 4047 igitur
815 3964 918 4029 omnia
941 3986 989 4029 me
1013 3965 1137 4045 fallunt,
1173 3966 1231 4030 hoc
1254 3966 1323 4030 loco
1346 3972 1533 4048 argumenta

319 4097 358 4142 ex
378 4076 427 4154 iis,
452 4096 533 4159 quae
555 4078 661 4140 essent
684 4073 938 4151 demonstranda,
974 4073 1181 4137 Kirchnerum
1210 4073 1357 4156 petivisse
1392 4080 1534 4157 apparet.

318 4182 356 4248 In
378 4182 438 4247 hoo
460 4188 567 4248 tamen
589 4181 666 4246 mihi
689 4202 760 4245 cum
782 4181 837 4245 illo
860 4182 1013 4259 convenit,
1040 4182 1170 4245 satiram
1193 4187 1339 4264 quartam
1370 4203 1389 4246 a
1420 4182 1541 4248 decima

317 4310 380 4357 non
401 4291 494 4356 nimis
516 4297 658 4374 tempore
680 4310 770 4372 posse
794 4289 921 4367 distare,
947 4289 1021 4372 quia
1043 4291 1075 4353 in
1097 4295 1230 4372 utraque
1245 4290 1351 4354 Petilli
1367 4289 1538 4373 Capitolini

317 4404 471 4464 memorat
495 4420 621 4464 causam
637 4399 680 4481 (4.
696 4398 815 4479 aasq,
836 4397 885 4461 10.
901 4397 952 4460 2ὀ.
978 4398 1039 4479 sq.)
1062 4397 1101 4460 de
1124 4405 1251 4461 cantore
1273 4398 1468 4479 Hermogene
1494 4398 1536 4484 (4.

319 4505 389 4588 734
405 4508 532 4588 10.‚.17.
551 4507 601 4572 80.
620 4506 686 4590 90.)
710 4510 742 4570 et
764 4511 858 4589 poeta
880 4504 1000 4571 Fannio
1024 4506 1227 4588 contemptim
1246 4505 1393 4588 loquitur.
1418 4504 1538 4571 Deinde

405 4673 614 4684 ---—----

408 4723 425 4797 ¹)
444 4722 513 4780 Vide
531 4720 646 4795 praefat.
664 4736 725 4794 pag.
746 4723 786 4780 15.
