3726 5618
1034 620 1205 683 „23-

507 809 694 898 ἐνετύγχανε
716 811 818 881 πολλά
840 812 1039 900 ποτνιωμένη
1060 815 1114 880 καί
1136 811 1238 880 πολλά
1262 811 1396 901 όεομίνη
1405 812 1447 900 μὴ
1456 817 1613 897 περιιδεῖν
1631 813 1743 904 αὐτὴν

508 916 542 983 ἐκ
563 915 805 1004 μακαριωτάτης
826 915 979 1002 γυναικὸς
1002 913 1204 1003 ἀθλιωτάτην
1224 916 1416 1004 γενομένην.
1448 922 1512 986 νῦν
1534 918 1592 1005 μέν
1613 919 1679 1009 γάρ
1705 919 1742 988 όί-

506 1045 628 1101 παντας
651 1018 847 1107 ἀνθρώπους
870 1024 913 1102 είς
936 1018 1038 1107 αὐτὴν
1060 1018 1252 1108 ἀποβλέπειν
1275 1019 1525 1106 αὐτοκρατόρων
1552 1027 1646 1092 δυοῖν
1675 1034 1740 1096 τοῦ

507 1125 565 1212 μὲν
575 1133 713 1211 γυναῖκα
734 1128 794 1191 τοῦ
817 1124 852 1191 δὲ
875 1120 1021 1210 ἀδελφὴν
1042 1115 1154 1191 οὖσαν.
1171 1130 1192 1161 “
1200 1128 1227 1192 εί
1242 1125 1278 1192 δὲ
1288 1125 1327 1192 τά
1337 1128 1433 1212 χείρω
1442 1126 1657 1215 κρατήσειεν”
1669 1131 1736 1220 ἔφη

508 1231 591 1297 “καί
612 1228 736 1315 γε’νοιτο
758 1226 904 1313 πόλεμος,
928 1225 1019 1314 ὑμῶν
1040 1228 1098 1314 μὲν
1120 1227 1240 1314 άόηλον
1262 1227 1325 1316 ὅτῳ
1348 1237 1477 1313 κρατεῖν
1501 1228 1521 1319 ἢ
1543 1242 1736 1318 κρατεῖσθαι

504 1333 678 1421 πέπρωται,
701 1331 740 1399 τά
751 1330 809 1418 ἐμά
820 1328 1044 1418 δ’άμφοτέρως
1056 1330 1193 1399 άθλια”.
1215 1331 1341 1412 τούτοις
1360 1333 1560 1415 ἐπικλασθεὶς
1571 1333 1590 1404 ό
1602 1344 1734 1430 Καῖσαρ

502 1429 580 1527 ἧκεν
602 1441 764 1524 εἰρηνικῶς
787 1439 831 1514 εἰς
844 1435 1004 1522 Τάραντα,
1027 1437 1082 1503 καί
1102 1436 1209 1523 θέαμα
1240 1435 1408 1505 κάλλιστον
1431 1441 1463 1506 οἱ
1481 1438 1640 1527 παρόντες
1659 1446 1728 1515 ἕθε-

504 1548 595 1626 ώντο,
618 1541 722 1610 πολὺν
743 1541 800 1627 μὲν
823 1541 857 1608 ἐκ
877 1546 935 1627 γῆς
949 1540 1085 1627 στρατὸν
1099 1538 1307 1628 ἡσυχάζοντα,
1330 1540 1584 1624 πολλάςόὲναῦς
1604 1545 1729 1636 άτρέμα

503 1647 585 1733 πρὸς
606 1654 673 1726 τοῖς
696 1647 852 1731 αἰγιαλοῖς
875 1643 1017 1732 ἐχούσας,
1052 1641 1159 1711 αάτών
1190 1645 1301 1711 δὲκαὶ
1323 1648 1427 1732 φίλων
1460 1643 1644 1736 άπαντήσεις
1669 1655 1723 1719 καλ

504 1748 767 1838 φιλοφροσύνας.
791 1750 889 1815 εἱστία
911 1744 1120 1843 δ”Αυτώνιος
1141 1746 1306 1834 πρότερος,
1334 1750 1504 1818 καὶτοῦτο
1535 1757 1573 1840 τῇ
1600 1751 1726 1844 ἀδελφῇ

504 1858 669 1941 Καίσαρος
692 1851 822 1932 δόντος.
847 1852 913 1919 ε’πεὶ
936 1848 1157 1938 θ’ώμολόγητο
1181 1855 1331 1939 Καίσαρα
1346 1851 1405 1939 μὲν
1423 1850 1583 1944 ’Λντωνίῳ
1615 1859 1729 1925 δοῦναι

502 1957 563 2026 δύο
585 1957 728 2044 τάγματα
750 1956 831 2043 πρίω
852 1955 909 2024 τὸν
933 1954 1106 2042 Παρθικὸν
1138 1955 1293 2043 πόλεμον,
1321 1954 1491 2025 ’Λντώνιον
1522 1960 1558 2027 δὲ
1590 1965 1731 2049 Καίσαρι

501 2061 735 2151 χαλκεμβόλους
759 2059 881 2144 ἑκατὸν,
901 2058 1072 2128 Ὀκταουία
1093 2066 1157 2128 τών
1179 2058 1431 2148 ὡμολογημένων
1460 2064 1558 2149 χωρίς
1587 2063 1730 2153 ᾐτήσατο

500 2172 545 2258 τῷ
565 2167 624 2253 μὲν
646 2162 778 2254 άόελφῷ
799 2164 888 2249 παρά
910 2169 968 2231 τοῦ
991 2160 1112 2247 ἀνδρὸς
1134 2166 1235 2231 ε’ίκοσι
1255 2163 1481 2251 μυοπάρωνας,
1514 2170 1560 2257 τῷ
1588 2164 1729 2257 θ’άνόρί

500 2271 588 2358 παρά
609 2276 669 2339 τοῦ
692 2269 837 2356 άόελφοῦ
860 2266 1052 2355 στρατιώτας
1074 2270 1213 2354 χιλίους·
1237 2266 1323 2335 οίίτω
1343 2265 1725 2359 δ’άλλήλωνόιακριθίν-

499 2402 551 2456 τες
573 2373 590 2442 ό
613 2376 670 2461 μὶν
693 2370 797 2452 εὐθὺς
820 2375 919 2459 ε’ίχετο
941 2375 1000 2439 τοῦ
1022 2369 1104 2457 πρὸς
1116 2370 1285 2458 Πομπήιον
1302 2370 1453 2458 πολέμου,
1472 2377 1623 2455 Σικελίας
1643 2376 1727 2464 ἐφιέ-

499 2505 604 2567 μενος,
625 2477 792 2558 Ἀντώνιος
824 2474 854 2543 δ’
864 2473 1057 2543 Ὀκταουίαν
1088 2472 1166 2562 μετά
1197 2481 1261 2543 τών
1284 2475 1316 2556 ὲξ
1349 2475 1469 2562 ἐκείνης
1499 2477 1554 2544 καὶ
1583 2478 1661 2560 τοὺς
1693 2481 1728 2549 ἐκ

502 2586 685 2664 Φουλουίας
694 2586 813 2661 παῖδας
824 2578 911 2673 αὐτῷ
920 2579 1226 2668 παρακαταθέμενος
1245 2581 1290 2658 εἰς
1308 2577 1366 2665 την
1384 2575 1496 2649 Ἀσίαν
1517 2578 1727 2671 ἀπεπέρασεν.

585 2762 777 2830 Plutarchus
799 2761 899 2845 igitur
921 2760 1071 2844 quoniam
1105 2757 1298 2823 Maecenatis
1323 2758 1514 2825 mentionem
1543 2760 1628 2843 facit,
1652 2769 1723 2831 tum

498 2874 569 2941 aliis
591 2873 630 2938 de
652 2872 755 2937 causis
777 2870 968 2952 legationem
990 2868 1089 2946 illam,
1113 2866 1145 2929 in
1168 2887 1232 2949 qua
1255 2866 1410 2933 Horatius
1431 2867 1647 2936 Maecenatem
1670 2879 1721 2939 est

498 2981 677 3057 comitatus,
701 2979 734 3042 in
756 2976 835 3067 illud
857 2977 961 3060 ipsum
983 2980 1108 3058 tempus
1130 2974 1277 3040 incidisse
1304 2974 1398 3040 facile
1426 2976 1589 3043 evincitur.
1620 2978 1723 3046 Hora·

496 3090 578 3155 tium
601 3087 685 3152 enim
706 3089 744 3149 ut
762 3084 830 3168 jam
853 3083 929 3162 dixi,
965 3103 1037 3148 vere
1066 3082 1142 3147 armi
1173 3082 1244 3146 715.
1268 3081 1408 3165 Vergilio
1435 3083 1594 3169 Varioque
1624 3086 1723 3154 inter-

496 3193 683 3263 cedentibus
716 3191 802 3276 apud
833 3191 1048 3255 Maecenatem
1081 3189 1300 3256 introductum
1330 3195 1364 3256 et
1393 3196 1467 3273 post
1489 3191 1523 3257 in
1552 3193 1621 3277 ejus
1642 3196 1723 3261 ami-

496 3305 604 3370 citiam
626 3306 788 3385 receptum
811 3320 878 3363 esse
901 3299 1026 3363 scimus.
1050 3296 1143 3363 Unde
1165 3298 1227 3362 iter
1249 3296 1330 3363 illud
1352 3297 1386 3361 in
1409 3298 1602 3366 Maecenatis
1625 3303 1723 3369 comi-

495 3418 568 3478 tatu
603 3409 661 3476 sub
696 3408 777 3473 illud
809 3412 934 3491 tempus
965 3427 1037 3471 eum
1071 3404 1174 3470 iacere
1207 3405 1350 3488 potuisse
1372 3411 1515 3490 apparet.
1554 3407 1598 3472 Et
1621 3411 1723 3476 satira

496 3520 662 3603 diligenter
684 3516 823 3600 perlecta
845 3516 951 3580 omnia
966 3513 1091 3596 egregie
1106 3513 1269 3578 convemre
1291 3511 1333 3578 ad
1356 3512 1533 3579 Maecenati
1555 3514 1724 3603 etCocceji

494 3627 683 3710 legationem
708 3623 750 3689 ad
772 3622 944 3688 Antonium
968 3625 1146 3705 susceptam
1169 3620 1316 3687 invenies.
1341 3620 1383 3684 Hi
1397 3621 1481 3685 enim
1509 3628 1601 3688 erant
1630 3644 1731 3691 aver·-

496 3756 548 3802 sos
570 3733 657 3799 soliti
679 3752 864 3815 componere
886 3730 1013 3809 amicos,
1039 3734 1075 3794 ut
1097 3729 1144 3794 ait
1166 3728 1320 3793 Horatius
1337 3730 1371 3815 ¹).
1396 3729 1528 3795 Accedit
1549 3735 1722 3800 necessitas

494 3841 663 3927 legationis
685 3861 706 3905 a
722 3838 866 3905 Caesaris
887 3843 980 3923 parte
994 3836 1036 3902 ad
1051 3836 1225 3903 Antonium
1236 3836 1410 3902 mittendae
1420 3839 1464 3923 ⁹);
1485 3837 1619 3924 denique
1633 3840 1722 3925 quod

494 3972 577 4016 anno
599 3954 725 4015 tantum
748 3949 834 4028 717„
848 3968 910 4031 quo
932 3946 1028 4012 Italia
1050 3945 1208 4011 militibus
1229 3965 1331 4012 vacua
1353 3949 1430 4025 erat,
1453 3945 1516 4010 iter
1529 3947 1635 4031 potuit
1649 3970 1722 4016 esse

492 4058 720 4141 impacatum,
745 4056 838 4140 quale
871 4054 932 4119 fuit
961 4054 1183 4119 Horatianum.
1221 4053 1295 4118 Noli
1331 4057 1439 4117 autem
1461 4052 1495 4117 in
1518 4073 1554 4120 eo
1576 4052 1718 4138 haerere,

492 4165 578 4249 quod
600 4164 755 4229 Horatius
776 4164 838 4228 iter
859 4183 961 4246 usque
983 4162 1025 4227 ad
1047 4161 1253 4227 Brundisium
1284 4165 1412 4225 tantum
1441 4159 1616 4244 descripsit.
1648 4162 1720 4230 Hoc

492 4273 575 4339 enim
599 4276 726 4337 tantum
749 4270 811 4336 sibi
832 4275 1048 4354 proposuerat,
1071 4275 1104 4335 et
1126 4268 1287 4335 Brundisii
1308 4269 1436 4349 mansit,
1462 4289 1534 4334 cum
1555 4269 1653 4352 legati
1677 4271 1720 4337 ad

490 4379 664 4447 Antonium
685 4400 786 4464 usque
801 4377 976 4445 Tarentum
991 4382 1096 4445 essent
1110 4376 1250 4462 profecti
1274 4375 1336 4445 Sed
1357 4375 1418 4444 hoc
1438 4377 1472 4442 in
1493 4377 1598 4444 medio
1620 4378 1718 4444 relin-

581 4641 586 4668 ¹
643 4678 649 4689 .
668 4639 684 4689 2
704 4677 710 4689 .

577 4639 597 4795 ‘i
615 4636 648 4782 M
666 4638 723 4779 Ml:
743 4755 776 4765 -
795 4723 871 4781 missi
888 4723 991 4793 magnis
1010 4723 1044 4778 de
1062 4724 1142 4782 rebus
1160 4728 1272 4794 uterque
1290 4724 1394 4795 Legati.
