3742 5632
861 624 1011 687 „7-

321 817 467 902 pecuniis
487 817 644 887 modicam
666 838 735 887 rem
757 817 904 901 colligere
924 819 1041 903 potnit.
1057 818 1089 885 Is
1111 818 1210 902 igitur
1217 816 1332 885 habuit
1351 839 1487 903 puerum
1509 819 1549 886 li·

317 924 529 1005 -beralissime,
565 931 599 993 et
631 925 661 993 ei
682 926 843 1006 vestitum,
867 927 923 1010 qui
937 926 1061 996 nobiles
1083 924 1211 997 deceret
1240 925 1465 1006 adolescentes,
1500 934 1551 994 at-

320 1054 384 1118 quc
407 1033 487 1107 adeo
509 1032 699 1121 pedisequos
722 1031 812 1105 dedit
834 1038 933 1118 atque
955 1033 1024 1118 ipse
1046 1033 1077 1101 ei

757 1253 772 1284 “
797 1246 1209 1330 meermannianam
1231 1267 1335 1319 omnes

602 1351 727 1425 Odeum
741 1353 877 1427 maroa
898 1353 1012 1423 aderat
1032 1389 1078 1411 «-
1105 1354 1139 1438 ¹).

409 1565 500 1637 Inter
532 1587 612 1651 quos
640 1565 798 1635 Orbilium
820 1569 1067 1652 grammaticum
1078 1568 1105 1652 ⁹)
1127 1567 1226 1635 fauisse
1238 1573 1373 1649 constat,
1390 1567 1552 1635 homiuem

319 1672 497 1758 plagosum,
521 1674 578 1758 qui
598 1675 706 1760 pueris
728 1676 873 1745 carmina
893 1674 976 1740 Liuii
987 1674 1161 1741 Andronici
1177 1680 1211 1742 et
1231 1675 1363 1748 Homeri
1379 1677 1404 1761 Β)
1428 1676 1552 1745 dictare

323 1780 455 1847 solebat.
479 1781 650 1849 Praeterea
671 1783 897 1864 grammaticos
913 1787 946 1851 et
964 1781 1111 1874 rhetores*
1134 1803 1222 1849 more
1236 1781 1323 1851 illius
1339 1783 1456 1851 aetatis
1476 1803 1550 1851 eum

324 1886 492 1967 audivisse,
527 1888 673 1970 quamvis
694 1887 736 1955 de
767 1887 854 1959 hisce
891 1888 960 1974 ejus
996 1889 1112 1961 studiis
1153 1887 1235 1961 nihil
1266 1890 1438 1959 memoriae
1477 1910 1551 1975 pro·

319 1992 425 2064 ditum
447 1994 500 2073 rit,
524 1993 698 2062 verisimile
720 2000 780 2063 eet.

408 2100 563 2171 Horatius
577 2099 688 2184 itaque
711 2100 865 2171 educatus
888 2105 938 2169 est
958 2101 1080 2175 Romae
1111 2122 1150 2169 ea
1173 2106 1290 2183 astato,
1326 2122 1393 2186 qua
1422 2103 1552 2186 quidem

203 2239 205 2242 ⁴
319 2205 516 2290 reipublicae
538 2211 643 2273 status
665 2206 868 2275 vehementer
892 2213 962 2278 erat
984 2208 1124 2277 virorum
1150 2230 1348 2276 summorum
1379 2208 1435 2275 On.
1460 2211 1552 2275 Pom·

319 2313 394 2398 peji,
419 2313 454 2385 O.
478 2312 595 2393 Crassi,
624 2312 659 2383 O.
693 2312 758 2385 lul.
787 2312 933 2381 Caesarie
968 2314 1144 2383 ambitione
1172 2314 1387 2383 labefactatus
1416 2320 1449 2381 et
1479 2336 1552 2387 cou-

321 2426 503 2503 quassatus.
528 2420 617 2499 Quae
638 2425 785 2502 tempora
807 2421 869 2487 etsi
890 2420 1087 2505 reipublicae
1112 2422 1275 2489 Romanae
1301 2421 1553 2509 haudquaquam

320 2525 430 2597 fausta
452 2533 485 2592 et
507 2525 614 2594 felicia
634 2525 775 2606 fuerunt,
799 2531 910 2597 tamen
936 2527 1072 2597 Horatio
1101 2533 1178 2595 nato
1211 2534 1326 2613 poetae
1349 2550 1414 2597 uon
1443 2528 1554 2597 offece-

318 2635 414 2714 ruot'‚
450 2653 524 2699 cum
556 2632 628 2716 ipsa
664 2638 847 2716 temporum
868 2632 998 2699 miseria
1017 2638 1116 2718 atque
1145 2634 1248 2701 tristis
1279 2656 1405 2703 morum
1438 2635 1552 2720 depra-

320 2739 407 2808 vatio
436 2741 480 2806 eo'
501 2739 663 2819 ualuisset,
686 2743 724 2805 ut
755 2737 811 2805 ille
834 2738 913 2823 -ipsa
941 2740 1153 2820 institutione,
1177 2761 1243 2824 qua
1268 2761 1345 2807 usus
1368 2747 1439 2806 erat
1461 2741 1550 2822 duce,

320 2868 393 2919 eam
415 2847 637 2930 ingrederetur
648 2847 733 2913 uam
748 2845 854 2913 laudis
873 2847 1074 2930 vimutisquo,
1098 2867 1164 2930 qua
1174 2850 1287 2931 postea
1298 2866 1442 2915 summus
1456 2853 1553 2932 poeta

325 2955 437 3025 evasit.
459 2954 602 3027 Accessit
625 2953 669 3025 ad
689 2974 763 3021 eam
783 2953 1028 3037 institutionem,
1053 2953 1312 3038 quamdiximus,
1329 2954 1551 3042 philosophiae

321 3063 405 3127 ratio
428 3068 461 3127 et
483 3061 701 3133 consumatio.
725 3060 856 3137 tanin
876 3060 991 3146 anna
1006 3081 1108 3135 aanor
1123 3067 1221 3135 natue
1249 3082 1279 3135 a·
1293 3061 1333 3129 U.
1358 3062 1433 3131 709.
1456 3063 1555 3135 Athe·
1659 3086 1661 3089 ·

322 3190 380 3235 nar
405 3170 544 3253 migrare
567 3167 723 3234 decrevit:

480 3388 495 3417 “
521 3378 644 3453 Scilicet
665 3385 701 3449 ot
720 3385 826 3465 poscet
848 3400 939 3453 marm
960 3380 1134 3465 (liquescere
1155 3386 1283 3466 rectora,

521 3487 626 3572 Amce
643 3489 730 3555 aar
752 3487 848 3561 silvae
869 3487 1021 3561 oman
1042 3509 1188 3573 quaene
1209 3509 1343 3568 vomu,
1365 3489 1402 3574 ⁶).

410 3700 497 3769 Glari
513 3707 622 3775 autem
636 3699 694 3772 illa
709 3706 817 3771 aetate
828 3700 959 3771 fuerunt
974 3701 1203 3775 Theomnastus
1218 3701 1440 3784 Academicus,
1456 3721 1552 3787 quem

321 3807 363 3880 ob
385 3809 520 3881 Horatia
543 3807 692 3879 auditum
713 3829 783 3877 ease
806 3829 846 3874 ex
868 3829 971 3890 versu,
995 3829 1091 3893 quem
1113 3829 1213 3894 supra
1235 3808 1430 3893 scripsimus,
1443 3808 1553 3881 verisi-

321 3917 398 3982 mile
421 3922 479 3997 est,
504 3923 537 3983 et
560 3916 733 4001 Cratippus
756 3917 1039 4000 Peripateticus4).
1068 3916 1190 3995 Quibus
1220 3917 1336 3981 studiis
1370 3937 1443 3981 cum
1470 3920 1554 3981 esset

322 4018 474 4104 intentus,
505 4023 549 4089 M.
573 4024 695 4098 Brutus
716 4028 789 4107 port
804 4043 914 4088 necem
937 4021 972 4088 (l.
986 4021 1132 4093 Caesaris
1147 4042 1255 4091 mense
1266 4020 1449 4107 Septembri
1465 4041 1495 4085 a.
1511 4019 1551 4086 U.

325 4132 399 4197 710.
411 4133 556 4198 Athenas
578 4129 708 4214 trajecit
731 4128 882 4199 adversus
905 4148 967 4208 coo,
985 4129 1041 4212 qui
1055 4127 1251 4214 reipublicae
1272 4127 1418 4195 libertati
1432 4126 1554 4194 inimici

409 4275 619 4286 --—--—---

410 4309 430 4378 ¹)
449 4307 505 4368 Sat.
523 4306 544 4362 I.
562 4308 589 4362 6.
608 4309 651 4363 77.
668 4321 726 4376 seq.
746 4304 770 4361 d
787 4305 808 4365 Ι.
827 4309 853 4363 4.
873 4307 934 4363 100.
952 4321 1009 4376 seq.

409 4399 429 4466 ¹)
448 4396 536 4466 Epist
555 4397 588 4450 ll.
607 4396 628 4450 l.
648 4398 691 4451 69.
710 4410 766 4467 seq.
787 4425 821 4439 -
840 4395 874 4458 de
894 4395 986 4452 Orbil..
1006 4413 1030 4455 v.
1049 4394 1311 4467 Venusinam.

411 4488 431 4557 ³)
451 4486 539 4556 Epist.
558 4487 593 4540 11.
612 4488 636 4540 a
657 4489 700 4541 42.

412 4577 430 4646 ⁴)
449 4575 536 4646 Epist.
554 4575 588 4631 Il.
608 4577 633 4630 2.
651 4577 695 4631 48.

410 4663 712 4734 bfflmffill
