3742 5632
1007 571 1158 633 -5-

470 772 507 831 ut
529 786 638 831 eorum
661 764 830 830 molestum
853 765 896 829 sit
918 764 1122 831 dinumerare
1145 767 1330 831 sententias.
1361 767 1467 852 Atque
1490 788 1548 851 ego
1571 767 1700 852 quidem

468 873 497 937 si
520 871 745 937 nonnullorum
758 872 859 936 sciens
874 877 907 936 et
922 871 1065 956 prudens
1073 874 1279 956 ⁹praeteriero
1302 873 1544 958 disputationes,
1561 876 1618 959 qui
1640 877 1699 941 has

467 979 634 1063 perlegerit
655 979 809 1063 pagellas,
833 984 991 1063 quantum
1013 979 1179 1059 laboriset
1201 982 1354 1065 temporis
1366 982 1446 1046 haec
1461 981 1570 1047 studia
1592 984 1698 1067 requi-

467 1092 551 1166 rant,
576 1087 604 1151 si
626 1107 733 1152 secum
754 1086 983 1169 reputaverint,
998 1087 1225 1171 veniamspero
1237 1087 1316 1152 mihi
1329 1087 1472 1153 daturos.
1496 1088 1602 1154 Variis
1614 1090 1699 1154 enim

467 1193 729 1278 occupationibus
751 1212 824 1259 cum
839 1192 996 1258 distineor
1018 1197 1052 1258 et
1073 1193 1412 1279 saepiusaseribendo
1434 1195 1588 1275 retarder,
1605 1195 1699 1261 facile

466 1300 646 1384 apparebit,
671 1296 817 1365 libellum
838 1318 891 1364 me
912 1314 978 1364 nun
999 1314 1064 1364 uno
1086 1300 1120 1365 et
1140 1299 1291 1366 continuo
1313 1304 1425 1366 tenore
1457 1300 1514 1367 sed
1535 1301 1702 1367 subsicivis

465 1407 609 1489 potuisse
632 1426 766 1471 exarare
788 1404 995 1488 temporibus.
1021 1403 1083 1471 Sed
1101 1405 1213 1490 nequi
1234 1407 1363 1472 inanem
1375 1427 1427 1472 mc
1442 1429 1574 1491 operam
1589 1408 1699 1474 dicant

465 1513 675 1597 insumpsisse
698 1508 732 1577 in
755 1533 791 1578 eo
814 1511 991 1592 scribendo,
1015 1532 1079 1577 non
1093 1532 1186 1597 posse
1196 1532 1269 1579 rere
1277 1512 1418 1598 judicari
1433 1516 1592 1579 monuisse
1603 1515 1698 1580 velim

466 1619 506 1685 de
517 1625 631 1705 poetae
638 1620 714 1699 vita,
724 1625 804 1698 arte,
813 1620 950 1702 ingenio,
964 1619 1026 1683 nisi
1037 1639 1110 1683 oum
1124 1626 1309 1704 poematum
1320 1626 1466 1705 tempora
1474 1627 1624 1686 accurate
1633 1622 1698 1687 sint

468 1727 607 1810 cognita.
631 1726 679 1791 De
700 1725 817 1810 quibus
839 1725 1027 1810 priusquam
1045 1727 1265 1809 quaestionem
1276 1727 1454 1807 instituam,
1477 1727 1605 1793 Horatii
1630 1728 1698 1795 vita

440 1845 443 1849 “
465 1832 545 1898 mihi
566 1831 730 1898 narranda
751 1826 886 1911 videtur,
910 1853 975 1916 qua
986 1828 1201 1917 descriptaad
1220 1830 1311 1899 illam
1333 1834 1437 1918 ipsam
1453 1833 1595 1899 naturali
1615 1855 1695 1918 qua·

465 1939 541 2006 dam
563 1940 616 2005 via
636 1939 768 2006 tandem
789 1939 984 2024 progrediar.

552 2259 691 2338 Quintus
713 2258 867 2326 Horatius
885 2258 1019 2324 Flaccus
1040 2258 1064 2342 ¹)
1086 2262 1182 2322 natus
1205 2263 1254 2322 est
1269 2257 1430 2323 Venusiae
1441 2258 1566 2326 colonia
1576 2260 1692 2326 Roma·

464 2387 579 2433 norum
602 2368 636 2431 in
658 2366 776 2451 Apulia
798 2367 871 2446 sita,
895 2366 1098 2431 Lucanorum
1120 2363 1208 2449 agris
1230 2361 1355 2445 confini,
1380 2384 1410 2431 a.
1423 2387 1455 2430 u.
1478 2386 1506 2431 c.
1530 2372 1694 2432 sexcente-

465 2474 547 2540 simo
570 2475 762 2559 octogesimo
774 2494 866 2553 nono,
880 2473 946 2538 sive
960 2490 990 2538 a.
1007 2472 1081 2537 Chr.
1093 2494 1125 2537 ιι.
1149 2472 1346 2555 sexagesimo
1368 2472 1490 2557 quinto,
1504 2473 1540 2538 L.
1563 2474 1695 2541 Aurelio

466 2580 571 2661 Cotta,
595 2581 631 2646 L.
654 2580 776 2646 Manlio
798 2580 960 2664 Torquato
983 2598 1062 2645 coss.
1081 2579 1118 2663 ²),
1141 2583 1235 2664 patre
1256 2577 1418 2659 libertino,
1452 2579 1581 2646 bomine
1608 2580 1693 2665 frugi

463 2693 498 2754 et
519 2689 661 2754 honesto.
690 2687 777 2765 “Qui
799 2706 996 2772 quamquam
1007 2705 1116 2751 macro
1130 2704 1253 2769 pauper
1274 2684 1378 2769 agello
1393 2685 1452 2769 8),,
1478 2691 1589 2752 tamen
1613 2707 1692 2772 puo-

463 2815 545 2874 rum,
558 2795 650 2879 cujus
665 2793 783 2860 bonam
798 2792 938 2859 indolem
953 2797 1169 2876 perspexerat,
1186 2791 1290 2858 noluit
1300 2793 1500 2858 committere
1510 2792 1587 2859 ludo
1600 2794 1692 2878 oppi-

464 2901 558 2981 dano,
583 2902 635 2966 cui
656 2901 785 2966 Flavius
808 2901 940 2985 quidam
962 2903 1120 2984 praeerat,
1143 2899 1220 2964 licet
1241 2899 1351 2983 magni
1373 2904 1407 2964 ot
1428 2899 1558 2984 superbi
1580 2905 1690 2966 centu-

464 3008 570 3073 riones
584 3008 612 3092 4)
634 3005 716 3072 fflios
739 3027 813 3072 suos
835 3027 909 3072 eum
930 3004 1043 3070 ludum
1072 3003 1275 3090 frequentare
1286 3005 1447 3090 juberent,
1463 3006 1580 3073 sedeat
1595 3027 1691 3072 ausus

462 3115 597 3180 Romam
619 3122 750 3200 portare
771 3112 967 3180 docendum:

659 3326 765 3408 Artos,
789 3347 870 3411 quos
892 3326 999 3394 doceat
1021 3329 1124 3412 quiuis
1146 3347 1235 3412 eques
1257 3332 1348 3410 atqua
1369 3331 1494 3392 scrutor

661 3434 765 3502 Sonat
779 3439 952 3520 propretor
976 3472 1016 3483 -
1044 3436 1070 3520 ⁶)

549 3650 622 3717 Non
643 3649 706 3716 luit
728 3651 829 3736 igitur
850 3656 945 3736 pater
966 3650 1094 3718 Horatii
1119 3650 1217 3730 dives,
1248 3651 1277 3716 si
1299 3649 1429 3735 quidem
1462 3650 1531 3735 ipse
1552 3656 1649 3734 poeta
1663 3652 1689 3734 ⁶)

460 3757 495 3822 in
516 3756 607 3823 tenui
622 3778 657 3822 ro
680 3758 816 3848 majores
828 3757 904 3822 nido
914 3778 1036 3842 pennas
1052 3777 1086 3822 se
1102 3757 1149 3823 ait
1161 3755 1342 3823 extendisse
1366 3792 1407 3804 -
1430 3756 1488 3821 ssd
1497 3762 1607 3822 tamen
1622 3757 1688 3841 pri·

461 3885 549 3930 mum
571 3865 740 3945 Venusiae,
763 3871 837 3949 post
857 3865 978 3932 Romam
994 3862 1152 3931 exactoris
1164 3884 1295 3931 munere
1316 3862 1452 3948 iungens
1467 3864 1502 3929 in
1524 3863 1688 3948 exigendis

547 4081 567 4152 ¹)
585 4081 627 4136 De
646 4079 709 4137 iam.
727 4082 793 4137 Hor.
810 4079 883 4137 conf.
901 4080 967 4136 Atto
984 4079 1115 4152 Vanuoci,
1132 4078 1212 4137 studi
1229 4079 1324 4138 stodd
1341 4094 1358 4135 o
1381 4078 1478 4136 morali
1495 4079 1567 4136 sulla
1582 4078 1686 4135 baur.

460 4170 522 4225 m
539 4186 568 4330 1l)
585 4172 672 4316 difidit.
684 4258 772 4315 atad
784 4258 950 4330 amphoram.
964 4258 1003 4315 “0
1012 4264 1078 4317 nata
1087 4274 1193 4315 mecum
1199 4258 1312 4316 consule
1320 4258 1451 4332 Manlium
1466 4264 1494 4316 ot
1503 4257 1592 4331 Epod.
1605 4261 1647 4315 18.
1660 4261 1685 4314 6.

547 4353 558 4384 1

548 4351 567 4508 t
586 4348 642 4494 tt
660 4349 681 4495 l:
699 4351 724 4494 t:
744 4352 787 4493 t:

547 4530 566 4599 ⁸)
586 4528 642 4584 aas.
660 4528 680 4584 1.
700 4530 724 4584 o.
745 4532 788 4584 τι.

546 4620 566 4688 ⁸)
585 4618 672 4689 Epist.
690 4619 709 4672 1.
727 4622 770 4674 20.
789 4622 832 4674 20.
