3726 5618
840 624 1011 689 -11-

314 822 361 911 4.)
385 824 534 889 Aetatem
548 822 581 884 in
596 819 760 898 secundae,
778 824 911 901 quartae
923 824 955 884 11
970 819 1108 884 decimae
1124 816 1251 889 sedibus
1266 820 1443 900 respectam
1458 836 1535 894 esse,

361 931 433 996 inde
452 935 490 995 ut
513 929 597 995 idem
619 929 653 992 in
676 948 731 993 sex
753 927 883 1009 reliquis
905 925 1025 991 factum
1047 946 1191 991 essenon
1214 925 1371 990 immerito
1393 922 1539 989 concludi

358 1038 468 1121 possit.
493 1035 600 1102 Solam
615 1036 749 1120 primam
764 1033 913 1098 absoluto
928 1034 1054 1099 demum
1069 1032 1153 1098 libro
1169 1033 1321 1117 scriptam
1344 1052 1412 1096 esse
1427 1030 1537 1096 videri.

404 1144 523 1210 Contra
553 1143 737 1220 Frankium,
762 1140 803 1205 ad
827 1141 916 1224 cujus
951 1141 1143 1208 sententiam
1174 1139 1238 1205 fere
1265 1160 1357 1205 nemo
1386 1138 1536 1216 accessit,

315 1251 476 1338 Teuffelus
498 1253 531 1316 in
553 1252 646 1331 libro,
671 1271 764 1334 quem
782 1249 850 1333 jam
871 1250 1044 1316 memoravi
1079 1250 1114 1334 ¹),
1145 1252 1196 1314 sat
1219 1247 1313 1313 certis
1344 1245 1540 1330 argumentis

317 1360 502 1447 disputavit.

407 1466 468 1534 Sed
491 1467 652 1535 videamus
674 1467 744 1551 ipsi.
806 1474 809 1479 “

406 1786 589 1855 Satirarum
622 1789 694 1855 labri
722 1789 825 1872 primi
856 1788 1000 1871 primane
1037 1806 1109 1851 cum
1142 1785 1310 1868 diligenter
1339 1784 1540 1868 perlegerem,

319 1896 416 1980 plura
438 1898 589 1980 temporis
611 1897 729 1962 indicia
752 1895 924 1963 occurrisse
946 1893 1024 1958 mihi
1046 1891 1245 1959 videbantur.
1271 1890 1333 1957 Sed
1355 1912 1389 1957 re
1407 1912 1540 1959 accura-

316 2004 382 2068 tius
404 2004 571 2088 explorata
593 2027 631 2070 ex
659 2006 698 2070 iis
733 2005 785 2070 vix
816 2004 894 2069 certi
924 2001 1097 2087 quidquam
1126 2001 1228 2066 statui
1259 2021 1348 2084 posse
1382 1999 1460 2065 mihi
1482 2021 1540 2083 pro

315 2118 478 2196 comperto
502 2118 560 2178 est.
1324 2101 1328 2106 Δ

402 2219 504 2285 Versu
529 2221 600 2286 101.
626 2224 841 2285 memorantur
862 2218 1006 2284 Maenius
1030 2223 1062 2282 et
1078 2217 1303 2282 Nomentanus.
1331 2253 1370 2279 —.
1394 2215 1536 2280 Primum

314 2328 473 2410 scriptura
500 2327 697 2406 “Maenius„
723 2347 786 2391 non
802 2331 851 2392 est
866 2326 1003 2391 ommino
1019 2330 1115 2403 certa,
1133 2324 1283 2407 quoniam
1298 2322 1441 2406 plerique
1464 2320 1540 2386 libri

315 2454 388 2498 mss.
416 2441 430 2470 “
449 2434 560 2499 Naevii
583 2434 633 2499 vel
655 2434 769 2512 Nevii„
795 2454 908 2498 nomen
932 2431 1082 2498 exhibent
1100 2434 1137 2517 ²).
1162 2430 1244 2495 Tum
1270 2434 1309 2494 ut
1331 2450 1438 2495 veram
1461 2428 1537 2494 scri·

317 2545 446 2623 pturam
468 2539 670 2606 Heindorfius
686 2540 897 2619 constituerit,
922 2540 993 2623 quis
1023 2539 1085 2604 luit
1107 2536 1273 2603 Maenius?
1302 2536 1379 2602 Fuit
1400 2537 1539 2619 ¹Nomen-

317 2652 402 2729 tana
427 2669 520 2731 quem
535 2653 613 2712 tunc
623 2649 738 2714 vixisse
751 2669 790 2714 ex
813 2647 888 2713 libri
900 2646 1029 2712 secundi
1044 2651 1157 2713 octava
1172 2649 1305 2729 apparet
1324 2647 1361 2726 ³),
1379 2644 1540 2728 aequalis?

407 2753 441 2821 Si
465 2754 531 2820 Sat.
558 2758 587 2822 3.
613 2779 685 2821 cnm
706 2757 766 2840 Ep.
790 2756 813 2820 l
839 2757 888 2820 15.
902 2757 954 2821 26.
973 2776 1036 2839 seq.
1057 2754 1237 2832 contuleris,
1254 2752 1346 2818 facile
1362 2752 1538 2832 adduceris

316 2869 354 2929 ut
378 2869 480 2947 putes,
504 2864 597 2929 illum
618 2870 688 2929 tum
701 2876 773 2930 'non
784 2865 852 2949 jam
874 2863 971 2928 fuisse
994 2863 1076 2927 inter
1098 2862 1193 2928 vivos.
1212 2861 1273 2938 Qui
1295 2860 1439 2925 Maenius
1468 2881 1540 2925 cum

317 2970 432 3034 Lucilii
450 2968 478 3057 4)
503 2970 644 3053 aequalis
667 2971 787 3052 fuisset,
812 2977 921 3037 nostro
939 2971 1012 3056 jure
1023 2971 1184 3048 miramur,
1209 2990 1266 3034 cur
1280 2968 1434 3033 Horatius
1449 2967 1540 3032 illum

317 3096 390 3140 cnm
410 3076 607 3143 Nomentano
631 3077 693 3143 sibi
708 3079 835 3163 aequali
849 3078 1080 3156 memoraverit,
1099 3097 1301 3161 quamquam,
1319 3076 1394 3159 qnia
1407 3080 1541 3158 uterque

316 3183 471 3268 prodigus
495 3190 572 3264 erat,
597 3190 671 3270 apte
693 3186 868 3251 Kirchnero
881 3184 907 3272 5)
927 3206 994 3267 Ι11111
1015 3185 1048 3248 in
1071 3205 1196 3250 scenam
1224 3182 1372 3268 producti
1395 3203 1462 3247 esse
1495 3182 1540 3247 vi·

316 3289 436 3355 dentur.
460 3291 619 3357 Frankins
642 3293 739 3376 igitur
754 3293 838 3358 hunc
853 3292 1013 3358 Maenium
1027 3312 1096 3357 esse
1109 3290 1200 3357 illum
1213 3311 1364 3368 scurram,
1389 3289 1444 3372 qui
1458 3290 1540 3353 Pan-

314 3397 417 3464 tolabi
435 3401 562 3465 nomine
587 3398 653 3466 Sat.
677 3401 702 3465 I.
728 3402 757 3466 8.
786 3402 853 3467 11.:

517 3613 609 3679 “Hoc
629 3616 762 3681 miserae
779 3615 865 3697 plebi
887 3615 994 3681 stabat
1017 3635 1174 3680 cannnne
1196 3613 1377 3696 sepnlcrnna

543 3722 720 3788 Pantolabo
743 3744 869 3790 somnae
893 3723 1144 3806 Nomentanoque
1166 3724 1300 3806 nepoti,

316 3938 470 4022 carpitur,
495 3938 631 4023 probare
655 3944 787 4005 conatus
810 3946 868 4019 est,
894 3945 927 4005 11
949 3939 982 4002 in
1005 3937 1102 4004 schol.
1128 3936 1169 4001 ad
1193 3934 1259 4002 Sat.
1277 3936 1300 4000 I.
1319 3936 1348 4000 8.
1377 3935 1426 3998 11.
1452 3954 1538 3997 men-

317 4045 393 4111 dose
420 4053 434 4082 “
450 4046 580 4129 Mallius
603 4045 799 4113 Pontolabus
822 4068 931 4113 scurra
946 4097 960 4126 „
986 4067 1043 4130 pro
1070 4045 1238 4109 “Maenias
1253 4093 1267 4122 „
1294 4042 1446 4125 scriptum
1472 4061 1539 4105 esse

404 4282 421 4351 ¹)
439 4281 563 4336 Museum
580 4281 624 4335 fur
641 4281 708 4335 Phil.
727 4297 787 4351 pag.
807 4284 849 4337 95.

401 4372 421 4440 ²)
441 4370 469 4425 O.
487 4370 628 4425 Kirchner.
640 4372 661 4426 I.
679 4375 723 4426 40.
742 4377 769 4426 et
787 4375 829 4426 41.

400 4461 420 4529 ³)
440 4458 516 4515 Ocni.
535 4476 559 4514 v.
578 4463 620 4515 23.
639 4463 681 4516 25.
701 4463 743 4515 60.
804 4456 812 4477 ⁶

279 4614 282 4620 ⁵
401 4552 419 4620 ⁴)
439 4549 468 4604 G.
486 4549 585 4619 Porph.
604 4549 639 4604 ad
657 4549 778 4625 8111111111Ι
790 4550 810 4604 l.
830 4553 854 4605 3.
873 4553 916 4604 21.
936 4549 1040 4617 “cujus
1058 4554 1086 4603 et
1103 4546 1222 4604 Lucilius
1240 4548 1280 4604 sic
1297 4546 1436 4602 meminit:
1460 4545 1535 4603 Mae·

315 4637 376 4694 nius
394 4638 543 4694 columnam
562 4654 621 4693 cum
638 4644 743 4708 peteret
754 4679 777 4709 „.

402 4728 421 4801 ⁶)
441 4725 496 4785 Sat
514 4727 547 4785 11.
565 4728 586 4784 l.
603 4743 630 4798 p.
648 4728 691 4785 20.
