3726 5618
840 601 1015 667 ..41-

316 821 345 864 a.
370 799 443 864 718.
465 799 635 864 commissa
654 797 806 881 auspiciis
836 796 965 880 quidem
987 797 1162 877 Octauiani,
1187 794 1244 862 sed
1265 801 1375 864 tamen
1395 794 1451 863 illo
1475 795 1533 863 ab·

317 913 413 986 sente,
426 907 570 989 Agrippa
590 906 691 969 viator
712 904 865 982 discessit,
882 923 985 987 aequa
1007 903 1090 968 hanc
1105 904 1208 986 ipsam
1222 925 1364 987 pugnam
1384 902 1533 970 laudibus

316 1019 410 1095 poeta
442 1010 552 1077 efferre
581 1012 745 1094 potuisset,
768 1010 832 1075 nisi
852 1011 995 1094 priorum
1014 1009 1153 1075 cladium
1176 1015 1208 1074 et
1229 1011 1430 1095 potissimum
1452 1010 1540 1076 Tau

315 1120 507 1184 romonensis
530 1119 684 1183 memoria
704 1123 903 1201 repeteretur
931 1119 965 1199 ¹).
991 1117 1096 1195 Quam
1127 1117 1309 1201 opinionem
1342 1115 1534 1182 Parthorum

316 1228 434 1291 mentio
455 1225 543 1292 facta
570 1221 746 1302 confirmat,
769 1225 914 1307 quamvis
928 1223 1086 1290 lbankius
1103 1224 1131 1307 Ω)
1152 1229 1290 1302 moneat,
1307 1228 1344 1289 ut
1356 1243 1532 1302 careamus,

316 1353 357 1396 ne
378 1333 418 1396 ob
432 1331 531 1397 verba
556 1331 706 1415 “juvenis
720 1330 847 1395 Parthis
863 1329 1040 1396 horrendus
1053 1379 1068 1410 ,
1093 1331 1134 1395 de
1154 1331 1357 1415 expeditione
1379 1329 1422 1396 ab
1441 1332 1536 1398 Octa·

316 1439 408 1503 viano
431 1459 460 1502 a.
478 1439 551 1503 724.
567 1442 601 1503 et
623 1436 696 1502 725.
720 1437 754 1502 in
768 1437 878 1503 Asiam
888 1443 1038 1521 suscepta
1059 1438 1243 1521 cogitemus.

403 1544 533 1609 Rectius
563 1544 618 1609 ille
640 1543 900 1609 animadvertisse
924 1544 1017 1610 nobis
1040 1543 1175 1623 videtur,
1205 1565 1268 1608 non
1292 1564 1386 1627 posse
1417 1544 1537 1609 satirae

314 1655 420 1717 ortum
450 1672 550 1735 usque
572 1649 614 1715 ad
640 1670 758 1715 annum
782 1651 855 1715 726.
880 1650 1021 1733 proferri,
1039 1671 1111 1715 cum
1132 1671 1196 1716 non
1219 1650 1262 1715 sit
1284 1649 1444 1729 credibile,
1469 1650 1535 1714 Ho-

314 1759 434 1822 ratium
449 1759 564 1824 lanum
577 1757 732 1836 clausum,
756 1756 910 1840 triumphi
943 1756 1196 1836 celebrationem,
1211 1756 1293 1822 alios
1318 1756 1453 1823 honores
1476 1756 1535 1821 Oo-

316 1864 443 1929 taviano
465 1863 541 1946 ipsis
563 1863 709 1929 Calendis
727 1862 856 1928 Januar.
881 1884 902 1929 a
925 1863 998 1929 725.
1022 1862 1169 1930 decretos
1192 1864 1241 1929 vel
1263 1883 1340 1928 casu
1361 1862 1411 1929 vel
1426 1863 1466 1928 de
1487 1863 1535 1927 in·

315 1969 661 2049 cremonensem
683 1990 734 2036 res
756 1970 860 2036 multo
881 1970 986 2036 minus
1014 1969 1236 2037 memorabiles
1262 1970 1296 2035 in
1317 1970 1386 2055 ejus
1402 1957 1555 2037 laudem

317 2068 590 2142 commemorasse.

402 2394 570 2459 Massonus
585 2393 705 2476 primus
726 2397 751 2480 ι)
763 2395 903 2460 rationes
915 2395 1071 2480 exposuit,
1087 2399 1216 2478 propter
1231 2415 1311 2479 oues
1324 2391 1434 2460 doira
1449 2400 1538 2461 sata

315 2499 389 2563 libri
411 2499 542 2564 secundi
571 2519 599 2564 a.
618 2500 689 2565 723.
705 2522 737 2566 ιι.
749 2520 777 2566 c.
801 2500 991 2583 assignanda
1002 2506 1094 2579 esset,
1108 2522 1287 2585 omnesque,
1296 2501 1355 2585 *qui
1373 2506 1484 2585 postea
1497 2501 1538 2568 da

316 2611 423 2671 aetate
430 2606 550 2671 satirae
560 2608 777 2690 quaestionem
784 2608 1003 2687 instituerunt,
1011 2612 1212 2673 accesserunt
1220 2608 1287 2692 ejus
1297 2609 1480 2674 :sententiae
1489 2609 1539 2674 hie

317 2713 516 2796 potissimum
527 2712 616 2778 ducti
632 2714 836 2797 argumentis.
849 2714 992 2780 Primum
1008 2713 1167 2778 Dacorum
1182 2715 1301 2780 mentio
1316 2737 1345 2779 v.
1363 2714 1405 2781 53
1424 2721 1440 2752 “
1453 2715 1538 2782 Num

317 2819 393 2904 quid
415 2820 455 2885 de
477 2821 574 2885 Dacis
597 2819 716 2886 audisti
742 2869 756 2901 „
789 2819 906 2904 probat
928 2820 1061 2886 satiram
1087 2820 1185 2886 scribi
1215 2842 1279 2887 non
1301 2821 1444 2913 potuisse
1465 2829 1540 2888 ante

316 2925 409 2991 finem
432 2947 460 2992 a.
487 2928 571 3006 723.,
600 2948 664 3010 quo
686 2927 823 3010 primum
858 2928 1008 2994 Romanis
1035 2949 1107 2993 cum
1133 2927 1197 2993 illis
1224 2949 1275 2993 res
1297 2927 1368 2993 fuit.
1389 2927 1451 2995 Dio
1473 2930 1539 3012 (51.

318 3035 385 3117 22.)
415 3033 498 3099 enim
528 3033 608 3098 nihil
640 3055 758 3114 eorum,
787 3055 868 3118 qnae
898 3056 954 3119 per
982 3035 1104 3118 legatos
1134 3056 1155 3101 a
1185 3033 1318 3100 Caesare
1339 3035 1538 3119 petivissent,

317 3141 450 3224 adeptos
471 3140 645 3205 Antonium
664 3141 785 3225 juvisse
806 3141 926 3225 illoque
948 3142 990 3206 ad
1005 3141 1133 3207 Actium
1148 3146 1299 3225 superato
1317 3141 1384 3225 jam
1407 3148 1540 3209 exeunte

317 3268 345 3310 a.
370 3248 443 3313 723.
467 3253 575 3314 motus
597 3247 710 3313 civisse
733 3252 881 3313 testatur.
905 3248 956 3314 Ita
977 3247 1137 3314 Eranlrius
1151 3250 1179 3333 Ω)
1194 3247 1400 3330 intelligitur,
1423 3249 1537 3332 inquit,

319 3354 459 3419 curiosos
481 3354 624 3421 homines
647 3375 686 3420 ex
705 3353 843 3420 Horatio
865 3354 906 3421 da
927 3355 1021 3421 Dacis
1036 3375 1100 3420 non
1114 3361 1189 3421 ante
1204 3375 1233 3421 a.
1248 3355 1324 3419 723.
1339 3355 1538 3447 quaesitisse,

319 3458 459 3541 potuisse
481 3465 589 3526 autem
612 3481 764 3544 quaerere
779 3459 847 3527 :fine
864 3460 960 3547 hujus
981 3461 1064 3527 anni.
1077 3459 1257 3528 Secundum
1268 3468 1490 3544 argumentum
1501 3483 1541 3528 ex

232 3603 233 3608 κ
319 3585 411 3630 versu
443 3565 496 3630 55.
527 3571 562 3632 et
584 3567 786 3653 cepaticum

590 3788 605 3818 “
631 3816 676 3830 ·-
697 3781 799 3864 prod?
817 3734 973 3847 facttum
986 3778 1334 3864 promissal'riqtara

486 3886 629 3954 Pracdta
648 3885 770 3954 ,ecam
786 3906 835 3952 ao
856 3892 902 3954 est
921 3886 1011 3953 lata
1024 3885 1321 3953 tellroedatorus?
1342 3936 1357 3966 ,

316 4105 377 4170 Dio
400 4105 485 4170 enim
507 4101 643 4188 (51.4.)
665 4102 836 4166 memoriae
864 4100 1012 4185 ¹prodidit
1031 4101 1262 4175 Octauianum
1290 4105 1367 4184 post
1391 4121 1540 4184 pugnam

320 4213 485 4279 Actiacam
503 4209 616 4276 media
647 4209 752 4276 hieme
774 4209 963 4294 (peccateres
976 4210 1042 4275 cori
1062 4208 1227 4294 χειμῶνος)
1257 4207 1467 4274 brundisium
1501 4228 1540 4271 ex

408 4560 428 4627 ¹)
445 4557 509 4613 vita
526 4556 633 4612 Horatii
650 4556 784 4626 Lugd'B.
804 4557 1008 4626 1708.,-p.1ao.
1026 4583 1061 4598 -
1081 4555 1141 4609 154.

408 4650 427 4718 ²)
445 4640 648 4715 rasa³flcr.·p.
669 4649 728 4701 120.
