3726 5618
844 638 1015 703 ..14-

316 832 468 914 postulat,
492 837 529 897 ut
551 839 624 915 post
647 852 775 911 annum,
800 834 918 915 quoin
948 834 1141 899 Maecenatis
1171 833 1422 898 familiaritatem
1456 834 1546 899 venit

316 939 479 1018 Horatius,
505 940 657 1022 scriptam
681 939 820 1006 Satiram
842 946 997 1024 putemus.
1030 942 1144 1007 Restat
1174 942 1282 1023 igitur,
1307 946 1343 1006 ut
1367 943 1400 1006 in
1422 962 1543 1006 annum

315 1045 400 1111 hunc
419 1047 623 1129 inquiramus,
648 1069 710 1129 quo
733 1048 861 1130 quidem
884 1049 1058 1114 constituto
1092 1050 1189 1113 etiam
1220 1048 1260 1112 dc
1291 1048 1385 1132 hujus
1419 1047 1549 1113 Satirae

316 1159 456 1236 tempore
478 1153 696 1237 probabiliora
720 1155 877 1238 quaedam
899 1156 1002 1221 dicere
1023 1156 1143 1221 licebit.

409 1260 508 1338 Quem
524 1283 641 1327 annum
663 1261 756 1328 nobis
778 1263 931 1329 Horatius
954 1263 1073 1346 ipsein
1095 1262 1166 1327 Lib.
1191 1263 1230 1327 Π.
1267 1261 1334 1327 Sat.
1360 1265 1389 1327 (i.
1415 1283 1549 1328 accura-

316 1369 382 1434 tius
404 1366 514 1435 definit
536 1390 628 1436 versu
652 1371 717 1433 40:

508 1583 699 1667 “Septimus
722 1592 824 1651 octauo
841 1587 974 1668 propior
989 1587 1060 1669 jane
1082 1588 1196 1669 [191111
1219 1607 1329 1664 canera,

543 1693 596 1758 Ec
617 1715 676 1776 quo
700 1693 868 1759 Maecenas
892 1715 940 1758 nec
962 1696 1060 1775 coepit
1081 1694 1190 1758 7111111
1212 1714 1339 1759 sumunt

541 1801 582 1865 ln
603 1822 729 1866 nurnero
744 1850 914 1876 .......

316 2013 362 2078 Ne
386 2013 616 2080 dissertationis
640 2015 781 2080 ordinem
804 2015 939 2080 turbare
963 2016 1080 2094 videar,
1113 2016 1246 2080 satiram
1269 2014 1357 2078 illam
1392 2020 1464 2098 post
1487 2037 1545 2098 pu-

316 2141 409 2202 gnam
432 2121 596 2186 Actiacam
618 2123 704 2187 circa
718 2121 811 2186 finem
838 2123 911 2187 723.
936 2144 967 2186 u.
992 2144 1018 2186 c.
1045 2125 1251 2206 compositam
1264 2143 1339 2199 esse,
1355 2129 1546 2205 argumenta

316 2228 380 2292 alio
392 2228 460 2293 loco
476 2229 642 2311 allaturus
659 2251 716 2312 pro
728 2234 889 2311 comperto
905 2251 996 2311 pono.
1020 2229 1054 2294 Si
1065 2230 1165 2311 igitur
1188 2234 1309 2313 septem
1328 2250 1428 2294 annos
1446 2251 1545 2313 prope

316 2335 440 2418 elapsos
464 2335 505 2399 ab
529 2357 556 2399 a.
582 2337 813 2400 7111111111
843 2341 929 2400 retro
949 2358 1161 2416 numeramus,
1187 2337 1355 2400 incidimus
1388 2337 1420 2399 in
1450 2335 1545 2402 finem

316 2463 344 2507 a.
371 2443 445 2507 716.
469 2448 526 2506 aut
550 2444 623 2507 717.
649 2444 782 2507 initium.
808 2443 873 2507 Nec
895 2448 1012 2522 tamen,
1036 2449 1073 2507 ut
1096 2444 1194 2507 Poeta
1209 2443 1233 2505 Ι.
1259 2444 1355 2508 (157.
1382 2464 1445 2525 seq.
1470 2464 1543 2509 sua-

316 2549 440 2614 vissime
471 2549 627 2632 exposuit,
664 2550 773 2614 statim
805 2549 981 2629 Maecenas,
1017 2550 1132 2632 quippe
1163 2550 1196 2613 in
1227 2549 1402 2631 deligendis
1433 2550 1543 2615 amieis

316 2657 442 2722 omnino
465 2658 596 2736 cautior,
621 2656 663 2722 ad
686 2657 869 2723 interiorem
891 2658 1142 2722 familiaritatem
1165 2657 1269 2739 ipsum
1292 2657 1429 2721 admisit.

406 2763 528 2841 Quibus
551 2765 713 2846 expositis,
737 2770 774 2829 ut
798 2762 976 2830 Teuffelum
999 2785 1019 2828 a
1041 2785 1113 2829 vero
1126 2762 1292 2828 aberrasse
1308 2769 1467 2847 appareat,
1485 2766 1541 2847 qui

316 2869 457 2954 eclogam
479 2870 561 2936 hanc
593 2877 668 2936 ante
698 2871 755 2936 lib.
781 2873 805 2935 1.
831 2873 861 2935 4.
888 2871 961 2936 715.
986 2876 1150 2936 exaratam
1174 2870 1397 2953 esseprobarc
1420 2871 1536 2935 11111-

315 2984 419 3058 natus,
460 2976 597 3042 effecisse
631 2982 717 3061 pute.
749 2978 866 3043 Versus
890 2979 972 3043 enim
1005 2979 1126 3061 primus
1168 2979 1350 3043 interiorem
1384 2976 1540 3061 quandam

318 3085 491 3150 amicitiam
513 3084 646 3166 prodere
666 3083 743 3148 mihi
765 3085 812 3148 ita
835 3091 884 3149 est
906 3106 1100 3167 persuasum,
1121 3091 1159 3149 ut
1182 3086 1317 3149 miratus
1334 3085 1403 3164 sim,
1428 3084 1541 3149 dehac

315 3213 349 3257 re
373 3191 520 3256 dubitare
542 3190 682 3274 potuisse
706 3189 879 3256 Teuffelum
899 3195 934 3277 ¹),
958 3198 990 3257 11
1013 3193 1117 3275 ipsum
1134 3192 1363 3274 disputationis
1380 3191 1540 3257 1111111111-

317 3300 502 3365 damentum
523 3297 612 3363 falsis
636 3297 844 3381 opinionibus,
872 3300 949 3382 quin
971 3299 1213 3364 incredibilibus
1236 3300 1423 3364 commentis
1446 3300 1541 3364 11111111

316 3407 394 3472 mihi
416 3407 570 3473 videatur.
597 3405 683 3482 Quae
706 3406 789 3470 enim
811 3406 850 3471 de
872 3406 1061 3490 lippitudine
1093 3405 1229 3488 Crispini
1260 3408 1362 3486 docet,
1399 3429 1463 3472 non
1485 3428 1541 3490 po-

317 3515 416 3580 tuisse
439 3512 479 3578 ab
507 3513 641 3578 Horatio
674 3513 780 3592 rideri,
812 3514 839 3578 si
871 3513 939 3597 ipse
966 3515 1033 3597 jam
1055 3513 1160 3596 lippus
1183 3512 1303 3593 suisset,
1326 3514 1445 3579 nullius
1467 3520 1543 3579 sunt

320 3621 472 3685 momenti
495 3620 535 3685 ad
558 3621 749 3685 sententiam
773 3641 862 3685 suam
883 3620 1088 3703 probandam.
1114 3619 1191 3696 Quis
1214 3622 1296 3685 enim
1319 3621 1419 3685 nescit
1440 3621 1543 3687 Hora-

315 3728 393 3792 tiom
417 3728 513 3794 etiam
536 3748 609 3793 suos
631 3748 747 3794 naevos
761 3749 912 3811 perquam
928 3729 1062 3811 ingenue
1087 3727 1252 3810 tetigisse?
1275 3726 1542 3810 Profiteturenim

316 3834 450 3900 ridendo
473 3835 576 3900 dicere
598 3855 716 3915 verum,
740 3834 874 3918 ideoque
897 3856 1018 3900 summa
1052 3855 1125 3900 cum
1158 3840 1324 3900 venustate
1346 3834 1431 3900 ridet
1452 3835 1540 3914 vitia,

315 3963 379 4009 non
401 3942 618 4008 debacchatur
640 3942 673 4006 in
695 3941 760 4006 illa.
785 3942 882 4008 Recte
904 3943 1002 4026 igitur
1024 3941 1271 4007 Walckenaerus
1286 3940 1365 4007 haec
1379 3941 1542 4025 scripsisse

315 4050 393 4116 mihi
423 4050 568 4119 videtur:
608 4049 754 4128 ι1111111111
778 4070 856 4116 ceux
879 4071 940 4133 que
970 4053 1062 4114 notre
1088 4053 1182 4130 polite
1203 4048 1327 4114 voulait
1356 4047 1538 4113 ridiculiser

319 4208 333 4240 „
359 4158 484 4225 avaient
506 4158 562 4225 des
579 4179 661 4241 yeux
675 4156 849 4237 chassieux,
872 4158 896 4221 il
910 4179 949 4222 ne
969 4156 1134 4240 manquait
1148 4155 1264 4237 jamnis
1279 4155 1433 4238 d’ajouter
1456 4161 1541 4222 cette

320 4314 333 4346 „
360 4261 530 4331 difformite
552 4269 669 4330 111111
692 4264 739 4329 les
760 4269 869 4329 autres
891 4262 1016 4329 detauts
1039 4263 1117 4328 dont
1138 4262 1163 4326 il
1185 4263 1232 4327 111
1270 4261 1432 4345 gratiliait,
1458 4268 1491 4328 et
1513 4248 1537 4327 il

320 4422 334 4453 „
360 4371 479 4438 semble
501 4372 553 4455 qu’
570 4371 594 4436 il
615 4393 655 4436 111
678 4371 801 4438 veuille
815 4372 905 4454 point
925 4372 1038 4435 laisser
1061 4370 1216 4453 bchapper
1232 4392 1300 4444 ,unc
1330 4370 1475 4435 occasion
1498 4370 1539 4436 de

320 4528 333 4559 ,‚
359 4478 506 4565 rappcler
528 4479 580 4564 qu’
601 4477 625 4544 il
647 4464 735 4547 avait
757 4478 825 4544 cela
846 4477 885 4545 de
908 4499 1054 4546 commun
1076 4498 1151 4545 avec
1174 4499 1252 4543 ceux
1275 4477 1353 4544 dont
1376 4478 1400 4541 il
1423 4476 1482 4542 fait
1504 4477 1538 4542 la

407 4743 423 4813 Ι)
441 4741 564 4799 uuam
582 4738 710 4802 111111,
728 4742 753 4795 4.
771 4739 797 4797 1.
815 4755 841 4812 p.
861 4741 921 4799 101.
