3726 5618
845 624 948 688 ..21
976 661 1015 669 --

318 822 476 900 deretur„
491 859 533 871 -
554 821 704 886 Attamen
727 818 918 885 uocabulum
934 819 1021 884 beati
1037 840 1149 902 parum
1172 819 1336 884 convenire
1358 819 1489 902 petenti,
1500 823 1539 883 ut

317 929 432 994 delatis
469 930 502 993 in
534 929 698 1012 publicum
721 928 823 1010 capsis
846 928 911 991 suis
934 949 1005 992 cum
1027 926 1118 991 libris
1143 927 1275 1009 propriis
1303 926 1533 1003 incenderetur,

318 1036 493 1104 Teuffelnm
515 1037 688 1119 praeteriit.
714 1034 888 1099 Lambinus
903 1040 1010 1100 autem
1031 1056 1053 1098 a
1075 1040 1187 1099 senatu
1203 1035 1269 1099 sive
1284 1035 1400 1117 populo
1415 1034 1537 1099 Fannio

315 1145 409 1224 ultro,
433 1146 453 1209 1.
480 1166 505 1210 0.
531 1166 595 1209 11011
618 1144 738 1227 petenti
761 1163 880 1225 capsas,
905 1141 1078 1226 inquibus
1101 1143 1167 1226 ejus
1189 1140 1264 1206 libri
1277 1142 1484 1208 conderentur
1501 1162 1538 1205 ac

316 1257 525 1332 servarentur,
549 1252 781 1334 imaginemque
804 1250 1050 1314 admemoriam
1074 1249 1141 1331 ejus
1164 1250 1367 1331 promendam
1398 1249 1538 1314 delatam

317 1382 384 1429 esse
406 1360 562 1426 disseruit.
598 1359 661 1425 Sed
684 1365 840 1441 quantum
862 1358 895 1421 id
917 1379 937 1422 a
959 1358 1013 1438 dig
1025 1358 1117 1420 ritate
1132 1361 1229 1438 atque
1245 1358 1394 1423 instituto
1409 1361 1538 1421 senatus

317 1468 486 1552 populique
508 1466 644 1534 Romani
664 1465 845 1543 abhorreat,
869 1464 959 1528 facile
974 1463 1171 1545 intelligitur.
1190 1463 1347 1528 Frankins
1369 1463 1496 1547 quidem
1514 1464 1538 1547 ¹)

315 1596 380 1639 rem
403 1576 451 1640 ita
472 1575 618 1653 mutavit,
643 1578 681 1637 nt
703 1573 831 1650 diceret,
857 1593 876 1635 a
898 1570 989 1654 plebe
1020 1570 1067 1634 vel
1091 1590 1111 1633 a
1133 1570 1235 1634 doctis
1265 1570 1453 1649 hominibus,
1486 1571 1540 1652 qui

313 1683 423 1764 inepta
444 1682 559 1747 Famrii
580 1686 729 1765 poemata
750 1679 878 1762 plurimi
900 1678 1038 1742 facerent
1054 1682 1087 1741 et
1102 1677 1344 1756 admirarentur,
1370 1684 1401 1742 et
1416 1677 1536 1742 locula-

318 1795 425 1853 menta
445 1791 583 1872 pretiosa
604 1795 637 1854 et
658 1788 827 1870 imaginem
851 1786 932 1850 dono
955 1784 1031 1848 data
1050 1789 1082 1848 et
1105 1784 1212 1848 delata
1238 1806 1314 1864 esse,
1341 1785 1414 1849 inde
1437 1785 1539 1850 Hora-

219 1937 228 1951 ·
319 1895 409 1974 tium,
434 1896 551 1979 qnippe
572 1897 626 1979 qui
647 1917 704 1961 sua
727 1895 846 1977 scripta
860 1915 899 1957 ne
916 1893 999 1957 lecta
1022 1892 1158 1975 quidem,
1182 1892 1298 1956 nedum
1321 1892 1454 1957 laudata
1468 1912 1540 1957 nos·

319 2008 377 2080 set,
401 2002 555 2067 Fannium
581 2003 660 2067 salse
682 2001 911 2085 praedicavisse
932 1999 1073 2064 beatum.

407 2109 486 2174 Cum
510 2111 655 2175 omittam
676 2109 794 2188 mirari,
819 2129 881 2192 quo
904 2107 1061 2173 Franhius
1084 2107 1227 2172 rescierit
1249 2107 1344 2173 modo
1367 2107 1537 2173 Horatium

319 2216 437 2300 scripta
459 2217 571 2289 Fannii
593 2239 656 2282 non
679 2218 799 2299 legisse,
836 2223 943 2281 tamen
976 2237 996 2279 a
1024 2237 1073 2280 me
1106 2216 1269 2298 impetrari
1304 2237 1365 2280 non
1398 2237 1536 2298 possum,

315 2325 482 2409 quominus
504 2325 761 2409 loquacissimum
784 2331 816 2389 et
838 2325 1067 2407 ineptissimum
1090 2329 1217 2406 poetam
1233 2363 1272 2369 —
1291 2325 1335 2389 sic
1348 2324 1429 2389 enim
1446 2324 1535 2390 scho-

314 2433 427 2499 liastae
461 2454 532 2497 eum
569 2433 730 2516 appellant
761 2470 801 2477 -
826 2432 928 2514 plebis
950 2437 1007 2495 aut
1037 2432 1202 2497 doctorum
1232 2431 1394 2497 hominum
1425 2452 1535 2515 negem

316 2541 456 2624 potuisse
489 2561 612 2606 movere
634 2539 885 2604 admirationem.
915 2539 1092 2602 Admodum
1124 2541 1205 2603 enim
1237 2538 1436 2623 probabilem
1468 2562 1536 2606 esse

317 2647 412 2713 schol.
437 2648 738 2730 interpretationem,
763 2645 960 2728 heredipetas
975 2646 1087 2710 Fannii
1098 2647 1266 2729 imaginem
1281 2648 1313 2712 in
1328 2646 1539 2714 bibliothecas

318 2755 467 2821 detulisse
489 2761 566 2838 puto
591 2794 629 2800 —
653 2775 865 2837 magnumque
888 2775 926 2817 ex
947 2753 1006 2818 hoc
1029 2754 1097 2820 loco
1132 2755 1359 2819 adminiculum
1383 2757 1539 2838 temporis

315 2863 380 2946 peti
402 2883 502 2945 posse,
528 2861 590 2926 sibi
611 2861 803 2926 Kirchnerus
826 2882 859 2944 pt
929 2863 990 2926 isit.
1010 2861 1124 2926 Totam
1137 2884 1202 2926 rem
1225 2863 1323 2944 igitur
1344 2863 1376 2925 in
1393 2883 1428 2926 eo
1445 2864 1535 2944 vorti,

317 2990 455 3053 quonam
491 2970 533 3034 sit
567 2968 660 3033 modo
694 2968 825 3034 verbum
853 2969 1011 3034 deierendi
1034 2970 1252 3052 accipiendum
1283 2992 1340 3053 pro
1374 2971 1539 3053 explorato

316 3075 479 3141 habemus.
503 3077 540 3139 In
562 3097 624 3158 quo
647 3076 692 3139 ita
715 3082 800 3140 recte
821 3077 1066 3159 interpretando,
1089 3083 1126 3142 ut
1141 3078 1181 3141 de
1200 3077 1329 3160 publica
1343 3077 1540 3143 bibliotheca

270 3168 274 3174 ¹
318 3185 496 3267 cogitemus
530 3183 719 3268 adjectivum
755 3183 842 3248 beati
871 3206 927 3249 nos
964 3185 1134 3251 admodum
1153 3185 1254 3268 juvat,
1290 3185 1332 3248 ad
1366 3206 1461 3268 qnam
1491 3187 1538 3250 in-

316 3291 573 3374 terpretationem
601 3312 637 3355 eo
660 3291 781 3355 lacihus
805 3291 1000 3371 adducimur,
1036 3293 1120 3376 quod
1153 3314 1272 3358 morem
1294 3294 1444 3376 imagines
1466 3314 1538 3376 poe·
1650 3367 1657 3380 ⁶

316 3404 421 3465 tarum
443 3405 500 3463 aut
529 3397 693 3463 doctorum
727 3401 864 3464 virorum
898 3399 1068 3465 viventium
1101 3401 1134 3463 in
1167 3400 1370 3466 bibliothecis
1403 3401 1538 3484 ponendi

316 3513 390 3572 ante
412 3506 587 3590 exemplum
610 3506 783 3571 aPollione
808 3507 1003 3589 propositum
1027 3528 1089 3571 non
1106 3507 1275 3573 invaluisse
1291 3513 1424 3572 constat.
1443 3507 1539 3593 Cujus

316 3616 362 3680 rei
383 3614 463 3678 Plin.
487 3613 569 3678 Hist.
594 3634 622 3676 n
645 3612 773 3677 XXXV.
797 3619 909 3678 auctor
931 3619 979 3678 est
1013 3613 1135 3678 dicens:
1165 3614 1266 3680 Asinii
1296 3614 1445 3680 Pollionis
1479 3615 1538 3680 hoc

315 3721 432 3788 Romae
454 3721 625 3799 inventum,
651 3721 705 3803 qui
727 3721 847 3802 primus
869 3719 1097 3786 bibliothecam
1121 3721 1255 3788 dicando
1278 3722 1403 3806 ingenia
1435 3721 1536 3789 homi·

317 3851 393 3896 num
416 3827 664 3911 rempublicam
699 3827 781 3892 lecit.
811 3828 891 3893 Dein
919 3828 1041 3894 Plinius
1073 3829 1157 3896 idem
1192 3827 1289 3918 (Hist.
1312 3852 1343 3895 n.
1368 3828 1436 3895 VH.
1469 3828 1536 3916 31.)

315 3936 358 4002 M.
382 3936 516 4002 Venonis
538 3936 571 4000 111
592 3934 797 4013 bibliotheca,
822 3957 903 4019 quae
925 3935 1027 4018 prima
1048 3936 1082 4002 in
1106 3937 1181 4003 orbe
1196 3938 1237 4003 ab
1254 3937 1375 4004 Asiniio
1392 3937 1535 4004 Pollione

316 4065 354 4111 ex
376 4043 534 4110 manubiis
556 4043 675 4109 Romae
691 4048 739 4107 est
762 4041 933 4126 publicata,
949 4044 1042 4110 unius
1064 4045 1197 4111 viventis
1219 4046 1357 4129 positam
1371 4065 1439 4113 esse
1460 4045 1537 4112 ima·

315 4154 418 4237 ginem
433 4151 531 4217 docet.
547 4151 642 4216 Plinii
657 4152 831 4217 auctoritas
842 4152 939 4234 igitur
952 4150 1069 4232 obstat,
1083 4152 1249 4235 quominus
1261 4153 1428 4234 Wielandi,
1442 4152 1538 4220 Hein-

316 4258 417 4340 dorfii,
453 4258 602 4339 Passovii,
626 4260 681 4344 qui
715 4259 798 4325 hunc
827 4261 931 4325 locum
951 4260 991 4325 de
1024 4260 1124 4326 Asinii
1157 4260 1309 4327 Pollionis
1343 4260 1538 4328 bibliotheca

318 4367 453 4452 publica,
479 4387 573 4451 quam
595 4387 676 4433 anno
701 4368 773 4434 716.
797 4368 897 4434 redux
918 4368 1020 4434 factus
1043 4389 1081 4434 ex
1104 4369 1303 4454 expeditione
1323 4369 1537 4436 inParthinos

316 4476 476 4556 instruxit,
500 4474 701 4560 interpretati
715 4482 798 4559 sunt,
815 4476 963 4544 accedam
986 4477 1167 4558 sententiae,
1193 4477 1337 4563 quamvis
1352 4477 1443 4556 illum
1457 4477 1539 4544 tales
1652 4541 1658 4552 ,

405 4675 560 4686 *-

408 4730 423 4801 ¹)
443 4727 517 4785 Fast.
535 4726 629 4784 Horat.
648 4743 674 4801 p.
694 4730 736 4787 91,
