3726 5618
850 575 1022 641 „43-

323 769 420 834 tiram
435 765 664 871 libriseoundi
685 768 855 836 Horatium
884 772 1096 855 composuisse
1125 777 1227 857 putat,
1262 778 1299 838 ut
1328 773 1545 841 Maecenatem

323 877 498 943 oblectaret
520 877 644 942 dicens:
670 876 729 942 Ces
752 876 836 942 deux
868 879 990 958 satiras,
1015 878 1055 944 de
1077 879 1179 944 meme
1212 900 1274 963 que
1307 881 1338 944 le
1371 902 1490 966 voyage
1524 886 1545 948 b

321 986 458 1064 Brindis,
483 992 539 1050 ont
561 983 612 1050 eti
633 983 814 1067 composees
840 985 919 1050 dans
948 985 980 1050 le
1013 976 1115 1051 meme
1138 984 1208 1065 but,
1240 988 1435 1055 o'est-b-dire
1464 1010 1545 1073 pour

320 1092 540 1157 l’amusement
562 1091 602 1157 de
624 1090 753 1156 Mesene
776 1097 809 1155 et
839 1090 879 1156 de
901 1112 938 1157 sa
967 1091 1093 1158 societe.
1127 1091 1258 1159 Colle-oi
1292 1101 1341 1160 est
1369 1094 1478 1180 places
1512 1096 1545 1160 la

322 1199 465 1265 dernibre
489 1198 569 1263 dans
590 1197 622 1263 le
644 1197 762 1263 recueil
784 1197 946 1277 d'Horaoe,
970 1219 1066 1282 parce
1089 1219 1151 1282 que
1184 1199 1428 1284 probablement
1458 1203 1483 1267 il
1504 1223 1545 1266 ne

322 1306 354 1370 la
375 1306 481 1370 rendit
503 1304 656 1389 publique
678 1326 740 1388 que
761 1302 940 1388 longtemps
971 1305 1064 1388 apres
1092 1306 1139 1371 les
1163 1312 1270 1372 autres
1297 1312 1330 1371 et
1359 1305 1485 1392 lorsque
1515 1309 1545 1372 lc

321 1410 479 1495 principal
496 1431 693 1495 personnage
716 1411 771 1494 qui
794 1412 838 1494 s'y
860 1417 971 1476 trouve
992 1410 1108 1476 bafoue
1131 1413 1301 1478 n'existait
1323 1413 1404 1498 plus.

774 1607 1090 1619 -———-—.---

408 1835 520 1900 Restat
541 1842 578 1901 ut
601 1836 780 1901 examinem
798 1843 907 1901 utrum
924 1837 1102 1902 Satirarum
1124 1835 1208 1902 liber
1222 1838 1343 1922 primus
1369 1838 1544 1921 separatim

322 1963 365 2006 an
386 1963 459 2006 oum
481 1942 617 2007 secundo
640 1942 734 2007 simul
758 1942 862 2008 editus
886 1944 938 2008 sit.
964 1982 1004 1990 —
1029 1944 1116 2021 Quae
1139 1944 1268 2026 quidem
1289 1946 1442 2027 quaesti0,
1471 1966 1543 2010 cum

314 2049 383 2131 jam
406 2047 550 2131 singulae
573 2051 691 2114 satirae
714 2049 799 2133 apud
822 2049 934 2133 vulgus
945 2051 1166 2129 innotuissent,
1190 2052 1321 2116 minoris
1333 2053 1487 2116 momenti
1510 2058 1542 2117 et

320 2155 359 2219 de
373 2155 449 2219 lana
471 2156 611 2239 caprina,
647 2163 683 2221 ut
705 2156 807 2240 ajunt,
832 2176 900 2222 esse
922 2158 1001 2222 mihi
1023 2156 1159 2223 videtur.
1177 2157 1239 2224 Sed
1260 2179 1300 2222 ne
1317 2158 1543 2223 commentatio

319 2283 391 2327 mea
416 2284 531 2327 manca
554 2263 744 2341 dimittatur,
765 2283 843 2328 neve
869 2261 990 2346 absque
1022 2266 1126 2347 capite
1157 2262 1288 2329 aberret
1312 2302 1353 2310 —
1380 2270 1418 2329 ut
1439 2263 1544 2329 verbis

320 2376 401 2448 utar,
427 2368 543 2451 quibus
567 2369 712 2434 Socrates
736 2367 898 2434 Calliclem
920 2371 954 2433 in
977 2370 1097 2453 Gorgia
1118 2371 1305 2435 dehortatus
1330 2377 1387 2448 est,
1412 2391 1453 2434 ne
1477 2391 1542 2434 ser·

320 2496 445 2540 monem
468 2476 673 2559 abrumperet
696 2512 737 2520 —
761 2476 935 2540 sententias
957 2476 1037 2541 duas
1068 2483 1100 2542 et
1131 2499 1184 2542 eas
1207 2478 1386 2543 contrarias
1422 2478 1540 2541 aviris

321 2582 422 2647 doctis
433 2583 611 2666 propositas
619 2580 677 2646 sub
687 2602 852 2646 censuram
864 2603 935 2645 sum
945 2590 1123 2648 vocaturus.
1136 2585 1280 2649 Alteram
1291 2582 1390 2648 libros
1402 2605 1466 2648 una
1476 2583 1543 2648 edi·

313 2689 396 2754 disse
404 2689 573 2753 Horatium
584 2688 778 2752 Kirohnerus
787 2687 900 2771 majori
916 2710 991 2753 usus
1007 2688 1153 2754 doctrina
1166 2696 1198 2754 et
1209 2690 1376 2773 diligentia
1393 2690 1543 2772 quamfe-

319 2797 440 2861 lioitate
453 2794 682 2861 defendendam
695 2795 841 2877 suscepit,
852 2795 986 2859 alteram
998 2796 1185 2878 singillatim
1196 2797 1295 2861 libros
1314 2797 1454 2861 emisisse
1472 2817 1546 2881 poe-

318 2909 385 2968 tam
393 2903 551 2967 Frankius
557 2904 581 2986 ¹)
592 2901 791 2985 potissimum
807 2922 871 2965 non
886 2901 1004 2966 infelici
1020 2908 1134 2966 eventu
1145 2901 1344 2985 probandam
1356 2902 1417 2967 sibi
1429 2925 1542 2986 propo-

320 3007 393 3070 suit.
406 3007 466 3071 Hio
486 3026 593 3070 omnes
612 3006 677 3072 fere
689 3029 753 3072 non
775 3008 877 3072 solum
893 3008 1034 3073 eruditos
1057 3009 1111 3074 sed
1124 3009 1203 3073 adeo
1225 3010 1340 3074 harum
1362 3010 1543 3075 litterarum

318 3113 437 3195 peritos
449 3113 491 3177 ed
513 3135 587 3180 suas
613 3121 723 3199 partes
744 3115 911 3197 pertraxit,
928 3115 982 3181 ille
998 3117 1274 3199 argumentatione
1289 3123 1338 3182 est
1349 3138 1433 3196 usus,
1451 3138 1541 3200 quae,

320 3220 347 3284 si
369 3240 444 3284 vera
458 3227 542 3299 sunt,
566 3243 649 3305 quae
672 3221 912 3304 disputavimus
933 3222 1002 3305 jam
1024 3221 1234 3288 collabefaota
1256 3229 1304 3287 est
1327 3222 1548 3288 etoonvulsa.¹

320 3326 529 3409 Praecipuum
552 3329 636 3391 enim
651 3328 820 3393 Kirohneri
843 3334 1076 3409 argumentum
1101 3351 1168 3395 esse
1192 3329 1314 3396 Satires
1336 3329 1432 3413 primi
1454 3329 1539 3408 libri,

319 3453 401 3514 quae
424 3438 496 3515 post
518 3432 598 3498 alias
621 3435 751 3499 secundi
774 3433 851 3499 libri
874 3439 979 3500 essent
1001 3436 1147 3518 scriptae,
1173 3457 1240 3502 esse
1260 3436 1375 3523 deinde
1397 3435 1472 3501 libri
1494 3457 1542 3500 se-

319 3537 423 3616 cundi,
448 3559 529 3620 quae
552 3546 627 3605 ante
641 3541 810 3605 nonnuHas
833 3539 909 3606 libri
930 3542 1026 3625 primi
1049 3543 1165 3607 satiras
1201 3548 1306 3606 essent
1339 3543 1539 3625 compositae,

318 3642 525 3709 fundamento
548 3666 655 3712 carere
677 3669 735 3731 pro
759 3655 919 3731 comperto
942 3646 1106 3713 habemus.
1131 3647 1276 3714 Secunda
1310 3654 1437 3713 tantum
1466 3649 1541 3712 libri

319 3750 450 3814 secundi
472 3753 572 3817 satira
594 3775 661 3819 rem
683 3755 717 3819 in
740 3753 873 3820 dubium
905 3762 1011 3839 potest
1043 3776 1164 3821 vocare.
1200 3756 1262 3822 Sed
1291 3777 1388 3839 quam
1411 3757 1540 3820 incertis

319 3858 507 3940 conjecturis
532 3859 617 3924 illius
638 3861 763 3926 Satirae
786 3863 939 3945 temporis
961 3862 1146 3927 constitutio
1165 3864 1297 3941 nitatur,
1321 3859 1460 3940 Teuffeli,
1485 3863 1540 3944 qui

319 3970 461 4047 tempore
486 3965 550 4029 alio
573 3967 671 4031 aliam
701 3969 893 4032 sententiam
924 3970 1097 4052 proposuit,
1114 3969 1223 4033 docuit
1251 3967 1440 4051 exemplum.
1474 3968 1540 4032 Nec

250 4139 252 4142 ,
318 4071 413 4134 alteri
434 4072 602 4139 Kimhneri
625 4081 812 4156 argumento
834 4075 971 4139 multum
1001 4074 1208 4140 tribuendum
1230 4082 1317 4159 puto.
1342 4074 1432 4152 Quod
1455 4075 1540 4139 enim

320 4176 512 4243 Scholiastas
534 4186 705 4264 utrumque
727 4179 847 4245 librum
874 4187 888 4216 “
905 4182 965 4246 hoc
988 4202 1095 4265 opus„
1121 4182 1299 4265 appellasse
1322 4182 1377 4260 ait,
1394 4201 1458 4245 non
1480 4183 1540 4244 mi-

319 4282 451 4364 raberis,
477 4287 504 4351 si
527 4307 579 4351 eos
602 4287 733 4366 Satires,
758 4288 835 4370 quia
857 4287 979 4353 habent
1001 4288 1161 4371 quoddam
1184 4309 1349 4353 commune
1379 4286 1541 4351 vinculum

319 4397 352 4455 et
374 4394 466 4475 quasi
487 4394 674 4476 cognatione
696 4395 876 4477 argumenti
900 4394 1085 4478 consiliique
1108 4394 1248 4479 quadam
1277 4395 1361 4460 inter
1383 4414 1416 4458 se
1439 4394 1538 4458 conti-

406 4613 424 4678 1)
443 4609 517 4664 Fast.
534 4609 629 4664 Horat.
647 4627 674 4679 p.
693 4613 734 4664 30.
757 4640 785 4650 -
808 4614 851 4665 41.
