3726 5618
842 589 1012 657 ,06-

379 897 522 967 83111013
543 899 684 983 quintam
708 904 777 964 tum
800 896 965 963 1113330333
980 896 1163 962 doctissima
1174 899 1445 981 commentatione,
1464 922 1539 969 cum

311 1008 503 1075 Kirchnerus
524 1008 724 1091 potissimum
747 1027 829 1072 anno
854 1007 926 1071 717.
952 1010 1116 1071 exaratam
1137 1026 1204 1071 esse
1226 1003 1327 1071 firmis
1350 1009 1538 1093 comprohe-

312 1118 358 1183 vit
378 1116 582 1201 argumentis.
608 1114 671 1180 Suo
695 1114 778 1180 enim
797 1115 869 1198 jure
891 1114 952 1178 iter
974 1113 1033 1178 hae
1057 1114 1157 1178 satira
1179 1113 1375 1196 descriptum
1408 1117 1448 1183 ad
1471 1118 1537 1186 100.

313 1225 373 1291 dus
414 1244 496 1289 anno
535 1221 623 1288 urbis
648 1222 721 1287 717.
759 1222 841 1287 13103
877 1220 1086 1287 Octavianum
1125 1226 1157 1285 31
1191 1220 1365 1289 Antonium
1404 1224 1537 1293 Tarenti

311 1332 411 1398 ictum
440 1329 545 1412 refert,
576 1329 631 1395 ubi
663 1327 812 1395 Octaviae
831 1327 954 1394 sedula
985 1329 1208 1394 intercessione
1238 1329 1382 1396 eflectum
1405 1333 1533 1400 tandem

314 1445 372 1520 est,
389 1445 426 1505 ut
442 1459 519 1523 pace
535 1437 737 1503 reconciliata
752 1437 909 1502 Antonius
932 1434 1058 1501 Caesari
1079 1456 1174 1501 33303
1189 1436 1339 1504 adversus
1354 1437 1423 1505 Sex.
1440 1441 1533 1507 Pom-

236 1593 239 1599 ·
314 1547 430 1632 pejum,
456 1545 572 1611 Caesar
593 1545 731 1635 Antonio
754 1545 871 1609 milites
894 1542 935 1608 ad
958 1543 1142 1609 Parthicum
1166 1542 1286 1610 bellum
1307 1547 1526 1627 commodaret,

314 1653 437 1739 sibique
460 1654 591 1718 invicem
615 1654 647 1716 in
670 1651 917 1736 quinquennium
941 1651 1178 1717 triumuiratum
1201 1659 1412 1738 prorogarent.
1427 1653 1526 1718 Nimi-

313 1783 384 1826 rum
407 1761 504 1844 legati
526 1760 662 1843 primum
685 1759 889 1825 Brundisium
913 1758 1110 1824 contendisse
1139 1759 1297 1841 ridentur,
1330 1781 1405 1827 mox
1426 1766 1533 1826 autem

319 1868 436 1934 abiisse
460 1868 642 1945 Tarentum,
666 1865 724 1932 ubi
746 1865 865 1946 foedus,
898 1866 982 1951 quod
1012 1887 1108 1949 supra
1140 1869 1322 1948 memoravi,
1355 1869 1454 1935 ictum
1476 1873 1533 1933 est.

317 2016 356 2024 —
375 1976 447 2042 Jam
469 1975 557 2059 prius
580 1973 707 2059 quidem
730 1974 887 2040 Antonius
900 1981 933 2040 et
949 1973 1065 2040 Caesar
1080 1974 1273 2042 Octavianus
1288 1997 1355 2042 rem
1371 1996 1461 2042 suam
1482 1997 1538 2061 per

315 2084 433 2151 amicos
456 2087 489 2148 et
510 2082 723 2148 internuncios
747 2086 886 2165 egerant.
912 2082 1065 2165 Tempore
1088 2083 1172 2147 enim
1193 2082 1270 2149 belli
1300 2084 1444 2150 Perusini
1469 2085 1538 2169 jam

314 2190 429 2259 Sextus
452 2189 620 2275 Pompcjus
642 2188 832 2272 Campaniae
855 2189 976 2268 httora,
1001 2187 1145 2273 pluribus
1169 2189 1291 2273 oppidis
1324 2192 1460 2257 vastatis
1484 2191 1539 2258 de·

313 2299 537 2385 populabatur.
573 2296 643 2375 Quo
676 2296 766 2362 finito
804 2296 931 2361 Marcus
968 2295 1124 2362 Antonius
1154 2296 1298 2362 13133313
1335 2318 1375 2363 ex
1408 2296 1541 2364 Oriente

315 2428 386 2475 cum
416 2406 516 2472 classe
539 2404 665 2470 advenit
682 2410 713 2469 et
730 2402 935 2469 Brundisium
965 2404 1140 2486 occupavit,
1173 2404 1381 2471 Octavianum
1406 2406 1540 2490 ejusque

315 2520 421 2599 partes
443 2512 603 2580 hostiliter
625 2532 841 2595 aggressurus.
865 2510 1040 2578 Adversum
1063 2510 1135 2575 3031
1163 2509 1239 2575 belli
1270 2512 1447 2594 periculum
1469 2518 1542 2580 1013

315 2622 410 2689 ltalia
440 2641 548 2705 pacem
571 2618 735 2703 flagitante
758 2617 1352 2685 1331033330714331113003311130
1378 2621 1540 2688 Brundisii

315 2752 372 2816 per
386 2730 608 2808 Maecenatem,
622 2728 766 2794 Asinium
789 2727 970 2805 Pollionem,
987 2725 1121 2792 Lucium
1138 2725 1303 2810 Coecejum
1318 2727 1401 2793 inter
1414 2734 1539 2795 utrum·

318 2860 380 2924 que
402 2843 451 2904 est
466 2837 650 2920 composita.
675 2834 737 2902 Sed
753 2857 824 2902 cum
849 2836 932 2901 Sext.
956 2836 1123 2918 Pompejus
1145 2834 1242 2900 etiam
1257 2841 1327 2901 tum
1340 2836 1451 2902 ltaliae
1466 2858 1539 2903 oras

315 2952 347 3012 et
369 2945 471 3011 maria
493 2943 629 3009 finitima
646 2941 820 3020 infestaret,
845 2939 954 3025 populi
977 2942 1135 3008 tumultus
1170 2949 1391 3026 proruperunt,
1423 2942 1541 3027 quibus

315 3052 474 3119 triumviri
497 3050 599 3117 coacti
622 3054 706 3128 sunt,
725 3069 797 3113 cum
813 3046 901 3114 Sext.
919 3048 1067 3133 Pompejo
1084 3069 1192 3132 pacem
1209 3050 1296 3131 inire,
1314 3071 1395 3134 quae
1417 3071 1446 3116 a.
1465 3052 1540 3116 715.

315 3158 616 3228 111303113013031.
642 3155 704 3222 Sed
722 3156 789 3239 jam
812 3156 955 3240 proximo
978 3177 1060 3223 anno
1093 3158 1268 3241 Pompejus,
1300 3157 1424 3224 foedere
1447 3180 1542 3244 supe·

315 3269 398 3335 riore
419 3288 439 3334 3
460 3265 635 3332 triumviris
656 3261 775 3348 perfide
796 3264 938 3348 neglecto
960 3263 1079 3330 bellum
1096 3265 1295 3331 instauravit.
1313 3265 1405 3344 Quod
1420 3265 1555 3353 bellum!

316 3398 387 3443 cum
410 3374 527 3442 Caesar
542 3371 735 3440 Octavianus
749 3372 853 3438 minus
867 3370 1002 3438 feliciter
1017 3372 1171 3457 gessisset,
1188 3378 1227 3438 ut
1249 3373 1382 3440 consilia
1403 3395 1476 3440 cum
1502 3374 1541 3440 iis

316 3484 481 3563 conferret,
506 3481 547 3548 ad
562 3477 760 3565 praefinitam
784 3480 866 3546 diem
888 3480 1030 3546 33003311
1052 3479 1226 3546 Antonium
1249 3480 1382 3547 Athenis
1404 3481 1539 3548 Brundi-

317 3593 407 3671 sium,
432 3597 465 3656 et
487 3588 651 3674 Lepidum.
677 3587 817 3672 Lepidus
840 3588 1007 3654 30330311.
1034 3588 1191 3653 Antonius
1215 3587 1352 3672 quidem,
1377 3589 1432 3672 qui
1447 3588 1541 3656 Octa-

316 3700 400 3766 viani
423 3699 566 3765 Caesaris
590 3717 737 3776 sororem,
762 3694 909 3761 seminam
932 3699 1002 3761 tum
1024 3696 1143 3762 formae
1166 3702 1341 3777 venustate,
1360 3703 1429 3763 tum
1445 3697 1543 3763 animi

316 3806 490 3874 virtutibus
523 3805 677 3888 insignem
712 3804 870 3888 superiore
905 3823 988 3870 anno
1021 3824 1152 3870 uxorem
1190 3804 1325 3870 duxerat
1358 3805 1391 3869 in
1413 3805 1544 3889 ejusque

317 3936 457 3983 amorem
479 3918 567 3980 10133
591 3911 707 3978 effusus
729 3910 864 3977 hiemem
885 3910 1018 3977 Athenis
1042 3912 1124 3977 inter
1154 3911 1235 3978 10313
1264 3911 1420 3996 ludosque
1454 3916 1544 3978 tran·

319 4028 452 4107 segerat,
476 4020 681 4086 Brundisium
704 4040 776 4085 oum
800 4019 909 4102 paucis
932 4018 1085 4085 advectus
1108 4025 1165 4099 est,
1191 4018 1245 4085 sed
1269 4020 1334 4084 3130
1356 4019 1442 4103 quod
1466 4018 1545 4086 Cae·

318 4152 419 4198 sarem
450 4150 514 4194 non
548 4127 722 4211 deprendit,
755 4127 820 4192 3130
850 4125 969 4192 bellum
1000 4126 1152 4193 adversus
1183 4125 1314 4192 Sextum
1348 4126 1544 4210 improbans,

319 4241 384 4306 3130
407 4236 550 4303 Caesaris
574 4239 763 4319 apparatum
786 4237 935 4318 maj0rem
960 4240 1141 4319 suspectum
1164 4233 1294 4314 habens,
1320 4235 1384 4301 3130
1399 4235 1547 4320 prodigio

318 4346 426 4431 aliquo
449 4343 588 4422 territus,
612 4342 722 4408 statim
745 4342 778 4407 in
801 4342 966 4409 Graeciam
990 4347 1039 4409 est
1060 4346 1214 4409 revectus.
1254 4339 1316 4409 Sed
1345 4362 1382 4409 eo
1416 4343 1448 4407 in
1471 4363 1546 4411 eon·

304 4459 415 4520 ¹ventu
437 4450 557 4518 indicto
580 4436 706 4519 ommno
728 4450 808 4517 nulli
830 4450 982 4535 legationi
1005 4455 1075 4518 erat
1096 4450 1195 4532 locus,
1228 4450 1255 4517 si
1285 4449 1465 4536 Appianum
1488 4471 1545 4518 au·

319 4565 439 4627 ctorem
462 4559 631 4644 sequimur,
655 4558 711 4644 qui
733 4579 796 4626 303
818 4578 874 4644 per
895 4558 1017 4643 legatos
1040 4577 1133 4642 agere
1167 4558 1221 4625 sed
1250 4557 1354 4643 ipsum
1377 4554 1545 4624 Caesarem

319 4667 492 4736 adventare
513 4666 647 4736 30131330
669 4663 836 4734 manifeste
857 4666 1007 4753 prodidit,
1025 4686 1098 4736 cum
1113 4686 1185 4735 eum
1200 4669 1407 4753 conquestum
1422 4685 1490 4733 esse
1505 4664 1546 4733 de
