3726 5618
294 1149 342 1215 De
364 1154 473 1215 aetate
494 1133 614 1214 suom
618 1147 746 1230 primae
756 1148 845 1212 iibri
869 1147 1029 1211 secundi
1048 1154 1257 1232 quaerentem
1280 1151 1439 1216 maximae

206 1255 371 1340 excipiunt
396 1253 612 1322 difficultates.
636 1254 726 1322 Nihil
748 1261 797 1322 cst
814 1254 924 1337 igitur,
948 1274 1005 1319 cur
1027 1254 1161 1334 mireris,
1185 1254 1270 1321 viros
1293 1278 1437 1323 summac

205 1362 370 1429 doctrinae
393 1369 426 1429 ct
448 1381 593 1428 summae
621 1363 656 1428 in
685 1362 736 1428 his
765 1361 861 1428 rebus
891 1360 1094 1427 auctoritatis
1116 1362 1151 1428 in
1184 1368 1294 1447 partes
1317 1363 1436 1430 discea-

206 1469 285 1536 sisee
308 1470 460 1536 diversas.

293 1577 346 1643 Ita
353 1577 453 1661 igitur
460 1574 659 1662 percribrata
672 1581 706 1642 et
717 1574 864 1640 omnibus
879 1574 1081 1659 expertibus
1096 1575 1362 1644 consideraturos
1378 1585 1436 1658 est,

205 1688 244 1749 ut
266 1684 320 1749 rix
342 1685 416 1750 novi
438 1683 616 1770 quidquam
639 1682 760 1750 adferri
781 1702 874 1766 posse
896 1681 1053 1748 videatur.
1077 1681 1221 1749 Maxima
1232 1689 1343 1750 tamen
1365 1685 1439 1751 dili·

208 1792 319 1876 gentia
342 1789 499 1857 Teuffelua
521 1812 598 1857 usus
620 1797 679 1871 est,
692 1791 748 1876 qui
763 1790 872 1856 omnia
882 1789 1078 1874 reliquorum
1096 1791 1237 1856 virorum
1249 1798 1441 1876 argumenta

203 1897 327 1983 judicio
348 1919 406 1963 suo
426 1898 638 1964 subtilissimo
666 1897 843 1964 convellere
873 1902 1016 1976 conatus,
1040 1918 1157 1963 novam
1178 1900 1346 1982 proposuit
1367 1921 1439 1966 een·

203 2005 353 2070 tentiam.
380 2005 413 2070 Is
451 2006 536 2070 enim
563 2007 588 2091 ¹)
622 2005 756 2071 satiram
778 2004 804 2071 1.
828 2005 862 2069 in
884 2025 1005 2070 annum
1041 2003 1125 2086 724„
1149 2011 1187 2071 ut
1212 2005 1362 2086 Frankio,
1401 2008 1441 2092 ¹),'

201 2112 253 2178 vel
274 2112 309 2177 in
332 2133 361 2178 a.
387 2111 461 2177 726.
485 2117 524 2178 ut
544 2112 722 2178 Kirchncro
737 2112 765 2197 ⁸)
798 2111 936 2196 placuit,
971 2111 1085 2178 referri
1109 2133 1211 2196 posse,
1243 2120 1439 2180 nouantem

205 2220 334 2286 omniuo
356 2218 557 2285 referendam
572 2239 641 2284 esse
661 2219 780 2285 docuit.
803 2218 892 2285 Haec
913 2240 988 2286 vero
999 2225 1075 2285 suut
1089 2219 1218 2285 illorum
1229 2220 1370 2286 virorum
1385 2242 1437 2288 ar·

206 2334 369 2413 gumenta,
392 2347 476 2412 quae
499 2324 657 2392 Teuffelus
679 2327 802 2393 diluere
825 2334 874 2393 cst
895 2333 1041 2394 conatus:

295 2437 325 2501 1.
349 2434 520 2501 Caesarem
542 2432 658 2499 invicti
680 2434 808 2499 nominc
834 2440 911 2500 ante
940 2434 1050 2500 ornari
1071 2454 1135 2499 non
1164 2433 1315 2517 potuisse,
1340 2456 1438 2518 quam

204 2541 379 2626 Cleopatra
399 2545 433 2607 et
453 2538 612 2606 Antonius
633 2538 751 2604 devicti
773 2544 807 2604 ct
829 2540 964 2606 extincti
987 2546 1103 2606 essent.

293 2648 324 2713 2.
349 2646 519 2713 Caesarem
542 2645 584 2712 ab
605 2646 741 2712 Horatio
762 2667 828 2712 non
842 2647 984 2732 potuisse
1006 2646 1246 2731 priusjudicam
1268 2648 1435 2732 appellari,

207 2775 306 2840 quam
328 2753 438 2819 reduci
460 2752 598 2838 populus
620 2754 834 2834 concessisset,
859 2759 896 2820 ut
919 2752 962 2819 ad
984 2773 1058 2819 cum
1072 2753 1256 2837 provocatio
1277 2760 1371 2819 esset.

294 2861 325 2927 3.
348 2861 441 2927 Anno
463 2859 593 2926 demum
618 2859 702 2940 726„
716 2880 790 2926 cum
813 2859 931 2926 Caesar
952 2860 1034 2926 bene
1046 2860 1222 2926 constituta
1232 2865 1267 2925 et
1287 2861 1437 2928 ordinata
1499 2904 1503 2912 -

204 2969 372 3054 republica
393 2989 431 3034 eo
452 2968 520 3033 otio
542 2972 697 3048 uteretur,
721 2973 758 3034 ut
779 2966 875 3034 rebus
897 2968 1031 3053 privatis
1043 2968 1207 3034 consulere
1229 2974 1347 3050 posset,
1370 2969 1436 3036 Ho-

68 3125 70 3129 ,
205 3076 326 3142 ratium
348 3074 389 3140 de
411 3073 498 3140 illius
520 3075 716 3160 partrocinio
738 3075 869 3158 gloriari
892 3081 925 3142 et
947 3097 965 3142 e
987 3096 1046 3141 sua
1067 3074 1228 3140 sententia
1249 3072 1436 3141 Trebatium

205 3183 365 3248 dicentem
388 3180 494 3247 facere
515 3183 660 3266 potuisse
679 3203 708 3247 v.
734 3181 807 3247 lu:
835 3183 1011 3248 “Attamen
1033 3187 1067 3247 et
1084 3181 1210 3265 justum
1243 3186 1372 3263 poteras
1402 3190 1435 3250 ct

203 3286 343 3356 scribere
365 3287 482 3354 fortem
495 3293 525 3367 „ss

196 3420 198 3425 ·
291 3395 434 3460 Primum
460 3399 686 3478 argumentum
709 3391 868 3460 Teuffolus
889 3393 939 3460 ita
959 3393 1113 3472 confutat,
1137 3397 1175 3457 ut
1197 3392 1295 3474 dicat,
1320 3394 1435 3460 Inuicti

202 3522 329 3582 nomen,
357 3502 532 3568 Octaviano
554 3500 676 3581 datum,
699 3501 748 3566 ita
770 3521 839 3567 essa
859 3486 1146 3584 interpretandum,
1169 3504 1206 3565 ut
1228 3522 1295 3565 ram
1328 3502 1435 3585 potius

199 3609 365 3676 hominum
390 3608 477 3673 illius
499 3607 617 3674 aetatis
636 3606 774 3692 judiciis,
809 3628 906 3691 quam
939 3606 1057 3672 nostris
1088 3605 1259 3672 videamus.
1296 3607 1382 3690 Qua
1398 3609 1433 3672 in

203 3737 238 3784 re
264 3720 298 3782 ct
331 3736 391 3800 ego
421 3714 451 3781 ci
488 3715 654 3794 assentior,
689 3715 841 3799 quoniam
871 3713 1008 3780 invictus
1038 3718 1108 3793 est,
1143 3718 1177 3778 et
1206 3712 1261 3796 qui
1290 3735 1354 3779 non
1385 3721 1435 3779 cst

195 3823 308 3890 'victus
323 3828 356 3888 et
378 3821 529 3905 quivinci
549 3821 668 3906 nequit
692 3819 794 3899 Quam
818 3820 968 3904 adJectivi
989 3820 1140 3886 notionen
1156 3820 1347 3902 scriptorum
1359 3841 1434 3886 euc-

201 3929 335 3997 toritate
355 3949 486 4012 possum
508 3926 684 3993 multorum
706 3926 922 4011 comprobare,
947 3926 1004 3992 sed
1025 3927 1105 3991 satis
1124 3926 1168 3991 sit
1189 3927 1369 3992 meminisse
1380 3926 1432 3992 Oi-

200 4035 332 4115 coronis,
355 4034 412 4120 qui
426 4034 482 4101 Ac.
495 4035 527 4099 4.
544 4034 597 4100 38.
614 4034 666 4099 82.
675 4033 899 4118 imperatorem
911 4032 1153 4099 invictissimum
1165 4037 1267 4111 uocat,
1278 4040 1310 4098 et
1325 4034 1432 4100 defen-

201 4144 323 4212 sionem
334 4144 369 4209 in
380 4164 408 4210 c.
421 4142 475 4209 28.
488 4162 533 4207 or.
553 4145 629 4226 post
639 4140 705 4208 red.
720 4141 752 4206 in
767 4162 832 4207 sen.
841 4140 973 4207 habitae
994 4139 1147 4206 invictam
1164 4139 1316 4222 appellat.
1336 4140 1434 4208 Recte

287 4412 307 4482 ¹)
325 4410 358 4468 V.
376 4409 519 4466 Kirchner.
537 4406 629 4464 editio.
648 4407 700 4465 vol.
718 4409 752 4466 11.
771 4412 797 4465 2.
815 4425 876 4481 pag.
895 4411 920 4464 3.
939 4424 1006 4480 sec,
1030 4407 1154 4464 Museum
1178 4406 1223 4472 fur
1245 4407 1379 4477 Philolog.
1403 4423 1429 4477 p.

205 4502 267 4556 208.
285 4515 342 4570 seq.

289 4588 309 4659 ²)
327 4589 403 4644 Fast.
420 4587 485 4643 Hor.
504 4603 531 4657 p.
552 4589 611 4642 110.
630 4603 686 4656 seq.

289 4678 309 4748 ¹)
327 4677 437 4748 Quaeret.
456 4676 521 4732 Hor.
540 4677 557 4747 §
576 4677 619 4732 55,
640 4679 683 4731 36.
