3726 5618
854 616 1020 680 ..25-

322 813 541 897 persuasisset.
580 812 672 892 Quod
713 833 784 877 cum
806 832 870 876 non
907 812 1026 892 fecerit,
1073 811 1137 877 alia
1169 812 1419 896 circumspiciam
1453 832 1546 898 argu·

322 926 431 986 menta
452 941 577 987 necesse
599 926 657 986 est.
682 920 728 984 Ao
750 920 886 1002 primum
907 919 984 984 mihi
1018 919 1149 985 Fraukii
1161 918 1196 1007 ¹),
1222 942 1316 1004 quam
1343 921 1485 988 instituit
1507 921 1547 987 de

323 1029 498 1113 Georgicon
519 1033 636 1108 aetate,
673 1027 816 1110 quaestio
840 1028 986 1106 occurrit,
1021 1048 1085 1111 qua
1106 1027 1233 1110 quidem
1255 1028 1424 1095 Horatium
1445 1030 1547 1095 Buco-

321 1138 385 1202 lica
406 1141 439 1202 et
461 1137 597 1221 primum
620 1135 795 1217 Georgicon
818 1135 964 1199 volumen
987 1156 1023 1200 ec
1043 1141 1194 1219 tempore,
1219 1157 1281 1219 quo
1296 1186 1311 1215 „
1336 1137 1431 1202 molle
1450 1143 1547 1222 atque

323 1244 459 1310 facetum
480 1244 614 1328 Virgilio
637 1243 790 1308 Camenas
805 1263 877 1306 rure
892 1242 1066 1325 gaudentes
1088 1243 1260 1322 annuisse„
1286 1245 1473 1328 scripsisset,
1497 1266 1546 1311 re·

323 1353 443 1436 spicere
463 1353 605 1436 potuisse
627 1349 784 1434 probavit.
803 1348 893 1425 Quod
916 1349 1042 1432 quidem
1065 1349 1207 1416 sufficere
1229 1372 1300 1417 reor
1316 1351 1357 1417 ad
1379 1352 1546 1418 Kirohneri

324 1465 413 1525 -et
435 1459 503 1543 ipse
524 1458 601 1543 hist.
626 1458 710 1524 Einl.
735 1477 806 1540 pag.
825 1457 874 1520 11.
893 1455 1067 1539 Georgicon
1089 1457 1146 1522 lib.
1171 1459 1196 1522 Ι.
1221 1479 1250 1523 a.
1276 1460 1347 1525 719.
1381 1466 1547 1526 exaratum

320 1566 415 1633 tuisse
436 1572 635 1633 concesserat
659 1603 699 1612 -
723 1565 878 1629 rationem
900 1564 1145 1644 convellendam,
1170 1586 1233 1648 qua
1255 1566 1370 1632 ductus
1385 1568 1417 1632 in
1430 1590 1547 1633 annum

321 1675 395 1739 723.
418 1675 551 1738 satiram
573 1672 730 1739 decimam
752 1672 895 1736 contulit.
921 1671 1008 1735 Nihil
1031 1672 1113 1736 enim
1135 1673 1276 1756 impedit,
1302 1675 1468 1758 quominus
1490 1696 1545 1740 an-

323 1779 434 1844 teriori
456 1800 538 1845 anno
560 1802 628 1845 eam
649 1779 854 1862 assignemus.
878 1778 999 1842 Deinde
1020 1779 1188 1859 Franlu'us,
1221 1780 1305 1864 quod
1339 1782 1492 1848 Horatius
1514 1783 1547 1847 in

324 1907 417 1952 versu
439 1888 490 1952 26.
514 1886 625 1951 duram
655 1886 774 1951 Petillii
803 1906 932 1951 causam
954 1885 1082 1969 oblique
1105 1889 1218 1970 tangit,
1244 1889 1428 1970 gravissimo
1452 1889 1546 1956 docu-

321 2000 428 2059 mento
450 2014 518 2058 esse
541 1993 657 2072 docuit,
681 1993 814 2058 satiram
837 1998 912 2057 ante
934 2013 963 2058 a.
990 1994 1063 2058 726.
1088 2015 1156 2059 esse
1179 2000 1291 2060 ortam.
1316 1996 1398 2061 Nam
1419 1997 1475 2062 illo
1498 1998 1545 2062 in-

319 2101 389 2184 quit
410 2100 560 2183 temporis
583 2106 688 2165 tractu
710 2100 863 2165 Horatius
886 2099 1014 2165 Caesari
1036 2101 1162 2166 deditus
1178 2123 1246 2167 esse
1262 2105 1367 2187 coepit
1390 2104 1545 2188 desiitque
1619 2122 1622 2127 ’

318 2209 384 2293 ejus
406 2207 617 2273 familiaribus
639 2208 782 2272 illudere.
807 2208 975 2273 Praeterea
998 2210 1028 2274 ei
1050 2231 1158 2274 versus
1182 2211 1246 2290 42,
1270 2212 1304 2275 in
1318 2233 1411 2295 quem
1424 2213 1543 2278 mentio

316 2314 545 2399 perhonorifica
566 2316 728 2394 Pollionis,
752 2321 789 2379 ut
812 2316 866 2398 qui
890 2322 965 2380 tunc
988 2317 1090 2399 ipsum
1112 2319 1403 2401 praestantissimas
1418 2325 1543 2403 tragoe-

317 2423 386 2489 dias
408 2423 580 2507 scripserit,
604 2424 721 2507 injeota
744 2428 802 2500 est,
826 2422 910 2486 idem
932 2424 1064 2490 suadere
1076 2426 1210 2491 videtur.
1233 2426 1336 2503 Quare
1351 2449 1442 2510 spero
1457 2428 1543 2494 haud

317 2531 453 2596 multum
476 2552 496 2595 a
517 2551 591 2596 vero
613 2551 663 2594 me
697 2551 766 2596 esse
796 2528 1026 2609 aberraturum,
1068 2533 1094 2596 si
1117 2534 1269 2598 decimam
1303 2556 1374 2599 cum
1406 2535 1544 2603 Frankio

316 2659 399 2704 anno
423 2638 496 2703 719.
535 2637 736 2721 assignavero
760 2643 793 2703 et
825 2643 973 2720 quartam
1002 2640 1143 2721 proxime
1172 2642 1373 2724 praececisse,
1410 2643 1545 2709 fortasse

317 2766 399 2811 anno
423 2745 496 2810 718.
520 2750 673 2811 statuero.
692 2744 741 2809 Ad
757 2766 852 2827 quam
869 2747 1058 2811 sententiam
1081 2747 1325 2813 confirmandam
1342 2755 1374 2814 et
1387 2748 1446 2815 hoc
1461 2751 1543 2816 mul·

316 2858 384 2918 tum
408 2853 502 2932 valet,
527 2852 613 2935 quod
634 2874 790 2935 nusquam
822 2854 1006 2935 posterioris
1037 2856 1188 2938 temporis
1223 2857 1389 2938 vestigium
1425 2864 1539 2924 exstat.

318 2960 400 3024 Nam
423 2980 480 3024 nec
502 2958 604 3024 Cassii
625 2958 711 3025 illius
734 2961 863 3026 Etrusci
889 2962 1060 3028 “ambusti
1083 2964 1185 3047 capsis
1209 2970 1242 3029 et
1264 2964 1382 3046 libris„
1408 2968 1541 3032 mentio-

315 3088 387 3132 nem
409 3088 492 3132 nunc
514 3067 683 3151 quisquam
707 3106 746 3113 —
770 3074 808 3134 ut
830 3070 959 3135 Frankii
982 3071 1087 3137 verbis
1109 3078 1184 3137 utar
1208 3112 1247 3119 —
1272 3080 1345 3156 post
1367 3076 1539 3141 accuratis-

317 3174 429 3239 simam
452 3174 622 3240 Weicherti
637 3174 882 3258 disputationem
898 3178 925 3262 1)
948 3178 989 3242 ad
1006 3178 1149 3245 Cassium
1166 3181 1365 3247 Parmensem
1380 3203 1463 3250 anno
1485 3205 1539 3250 ur·

315 3280 366 3347 bis
388 3280 534 3349 conditae
557 3283 630 3348 723.
655 3283 856 3349 demortuum
880 3286 1004 3365 referet,
1029 3309 1084 3352 nee
1107 3309 1215 3354 versus
1239 3290 1289 3355 38.
1315 3310 1397 3373 seq:

425 3548 695 3562 ......
735 3531 749 3560 ·.
800 3550 805 3562 .
853 3552 859 3563 .
884 3502 956 3567 bace
979 3523 1029 3586 epo
1052 3503 1122 3567 lado

428 3606 514 3687 Quae
536 3626 629 3688 aequo
651 3608 686 3670 ia
709 3608 783 3671 aede
806 3615 912 3675 saacat
936 3612 1090 3675 certantia
1106 3611 1210 3693 jadias
1234 3612 1349 3694 Tarpa,

425 3711 489 3777 Nec
511 3713 638 3778 redeant
660 3715 773 3779 aalma
794 3721 886 3798 atqae
909 3718 1021 3782 traam
1043 3718 1212 3800 spectanda
1234 3719 1372 3785 tbeatrts.

313 3926 353 3992 de
375 3926 530 4010 Apollinis
551 3929 671 4010 templo
693 3948 720 3993 a.
746 3929 969 3997 (1611116726.
999 3933 1128 3998 condito
1161 3934 1358 4018 intelligendi
1385 3940 1469 4016 sunt,
1499 3942 1537 4001 ut

313 4034 481 4100 Massonus
501 4037 527 4118 ³)
551 4033 668 4100 docuit.

713 4255 1131 4267 -—-—-—-—--—-———...———-—

400 4467 607 4477 ...a-0*—

397 4520 416 4586 1)
434 4517 509 4573 Fasti
527 4517 592 4573 Hor.
610 4535 672 4590 pag.
692 4522 734 4576 22.
754 4538 809 4592 seq.

397 4611 415 4674 ²)
433 4607 475 4660 De
495 4606 558 4662 Ver.
578 4613 605 4663 et
623 4608 698 4665 Cass.
716 4611 803 4668 Parm.
822 4629 849 4682 p.
868 4618 928 4669 213.
948 4629 1003 4684 seq.
1021 4616 1099 4685 impr.
1119 4617 1178 4672 265.
1198 4618 1258 4671 266.

398 4698 418 4764 ³)
437 4695 490 4751 vit.
509 4695 574 4752 Hor.
592 4713 619 4768 p.
640 4702 699 4755 161.
