3726 5618
734 617 907 683 ..37-

192 810 313 894 editas,
347 808 448 881 sideri
480 808 686 879 referendam.
720 810 891 878 Horatium
924 810 1032 894 igitur,
1067 808 1196 877 laudem
1218 811 1361 896 uiridem
1374 833 1428 880 ao

198 922 311 1005 oepise,
336 919 395 989 sed
411 918 534 986 onmei
556 916 692 986 fumasse
710 923 795 985 esset
819 916 932 985 leviter
953 916 1062 1001 aliquo
1084 916 1180 985 modo
1203 917 1427 1003 significatum,

198 1027 382 1112 Angustum
405 1024 813 1112 optare,utipselaudibus
835 1024 878 1091 ab
890 1023 1156 1105 eoextolleretur,
1171 1045 1230 1110 pro
1252 1046 1312 1092 sua
1332 1026 1430 1095 urba·

197 1136 310 1215 nitate,
319 1155 402 1219 quae
410 1134 552 1214 sentiret,
565 1132 726 1217 explicam
735 1131 883 1225 voluisse.
897 1129 1111 1210 Quamobrem
1129 1131 1234 1199 serbis
1253 1154 1363 1199 versus
1375 1135 1428 1201 20.

198 1241 335 1309 ironiam
358 1241 520 1326 quandam
531 1240 642 1321 inesse,
659 1259 724 1306 non
745 1236 1059 1323 fortasseperperanf
1072 1236 1146 1304 diei.
1163 1274 1209 1288 -
1230 1237 1354 1319 Quibus
1375 1261 1432 1324 po-

198 1349 270 1416 sitis
293 1346 453 1416 Teuffelus
485 1347 625 1415 Satiram
647 1346 784 1432 primam
817 1366 847 1413 a.
871 1346 912 1414 U.
947 1346 1023 1412 720.
1057 1378 1103 1399 --
1137 1346 1210 1412 721.
1244 1347 1428 1432 assignarit,

101 1501 105 1508 ·
197 1477 262 1543 quo
284 1460 409 1524 statuto
432 1456 530 1523 etiam
551 1475 678 1522 versum
699 1455 764 1535 60„
777 1474 842 1539 quo
863 1452 1020 1521 Horatius
1041 1453 1159 1521 satirae
1180 1474 1215 1520 se
1237 1453 1429 1524 omissurum

197 1584 267 1631 esse
287 1567 395 1647 negat,
417 1562 543 1631 facilem
554 1561 749 1648 explicatum
770 1559 890 1629 habere
910 1560 1029 1629 docuit
1054 1559 1124 1640 Quo
1144 1565 1332 1646 argumento
1353 1580 1427 1645 gra·

198 1670 329 1740 sissimo
350 1676 385 1738 et
405 1691 458 1738 me
480 1667 640 1740 Teniislus
660 1668 705 1738 ad
726 1687 802 1739 suas
822 1672 933 1754 partes
953 1662 1122 1756 00000011.

287 2091 432 2163 Satricani
453 2095 618 2163 0000ιά00
639 2095 834 2163 Kimhuerus
848 2095 891 2162 ad
912 2094 1208 2162 auotumnnmanni
1220 2096 1295 2161 717.
1322 2095 1427 2176 refert,

194 2220 259 2286 quo
274 2201 428 2270 Horatius
450 2223 491 2270 ex
501 2201 616 2269 itinere
626 2202 818 2271 Brundisino
828 2203 930 2271 redux
941 2202 1079 2269 Ofellum
1092 2223 1186 2271 suum
1196 2201 1230 2267 in
1238 2223 1316 2287 agro
1330 2222 1429 2288 prope

198 2307 370 2377 Venusiam
392 2308 455 2377 sito
476 2309 632 2376 reviserit
655 2307 815 2377 Frankius
837 2314 959 2391 000100,
984 2330 1079 2395 quem
1097 2309 1318 2394 praejudicata
1339 2314 1430 2376 tenet

197 2414 313 2498 opinio,
337 2436 447 2483 omnes
467 2415 584 2482 satiras
605 2436 670 2500 quo
691 2421 806 2483 extant
825 2416 936 2485 ordine
950 2437 1020 2485 esse
1031 2415 1231 2501 compositas,
1258 2415 1430 2483 Horatium

200 2540 241 2586 ex
263 2521 358 2587 Ofelli
390 2521 709 2590 sermocinationibus
732 2524 852 2590 satirae
884 2524 981 2610 hujus
1013 2524 1183 2590 materiam
1216 2521 1430 2608 desumpsisse

200 2627 354 2708 coneedit,
377 2649 435 2694 nee
456 2633 566 2695 tamen
587 2627 660 2694 inde
682 2627 792 2714 oolligi
814 2651 907 2714 posse
929 2629 1102 2712 contendit,
1126 2629 1169 2695 ab
1191 2628 1249 2695 1110
1272 2650 1340 2695 esse
1361 2633 1429 2695 sta·

201 2735 262 2800 tim
284 2739 358 2819 post
379 2735 519 2802 reditum
541 2740 716 2802 exaratam.
739 2735 898 2804 Teuffelns
920 2737 1094 2812 00000100
1116 2757 1175 2802 nee
1201 2736 1334 2802 alterius
1357 2757 1429 2803 sen-

200 2841 322 2908 tentiae
355 2840 509 2908 ancedeus
538 2842 672 2910 satiram
699 2863 730 2910 a.
753 2844 828 2910 715.
851 2879 896 2894 -
919 2845 993 2910 716.
1016 2843 1050 2910 10
1087 2843 1226 2910 editione
1259 2844 1427 2911 Kimhnem'

198 2948 268 3014 Vol.
290 2948 332 3014 II.
356 2954 449 3034 parte
469 2948 510 3014 II.
534 2970 607 3035 pag.
631 2951 683 3016 39.
694 2950 879 3035 assignavit,
895 2971 969 3045 oum
982 2951 1017 3016 in
1038 2949 1121 3017 Mus.
1138 2949 1239 3016 Rhea.
1263 2973 1336 3036 pag.
1350 2953 1426 3019 213.

192 3054 232 3121 in
253 3057 457 3123 00000720.
476 3076 553 3148 000
574 3057 747 3125 retulisset.
771 3057 870 3144 anm
882 3058 1183 3126 commentationem
1194 3078 1268 3126 eum
1278 3059 1428 3145 perlegis

197 3161 374 3243 rumiliaci
395 3161 505 3233 Plauti
526 3162 606 3231 mihi
628 3163 790 3232 occurrit:

479 3409 525 3428 ··-
550 3375 666 3444 Omnia
685 3397 720 3445 se
740 3376 893 3444 01001001
914 3377 994 3445 seira
1016 3414 1060 3429 -

332 3481 422 3566 osor
439 3482 568 3567 0010000
588 3485 624 3551 iu
645 3485 752 3551 00000
773 3483 871 3566 ladit,
893 3489 952 3551 out
973 3483 1159 3566 70111οι701,
1181 3486 1305 3567 aaran·

330 3586 442 3659 800101
462 3589 539 3674 pate
559 3591 949 3677 1000000οἑ00ῳὶοα0
971 3591 1109 3659 emeat.-
1212 3662 1215 3667 ,

330 3694 443 3764 Seiam
463 3698 545 3781 qood
565 3698 650 3768 Jmo
672 3699 846 3784 falesleiam
867 3701 938 3767 0100
959 3699 1052 3769 Jove:

332 3804 420 3887 Quae
439 3805 536 3890 eique
555 3807 692 3890 firmum,
713 3807 809 3891 utque
830 3811 914 3888 0001,
938 3812 1053 3887 tomen,
1076 3806 1128 3874 tlt
1142 3807 1259 3876 seiam.

308 4014 466 4085 Teuffelus
487 4017 571 4084 anim
593 4017 804 4086 subtilissima
829 4020 958 4104 quidem
985 4021 1260 4104 argumentatione
1289 4038 1353 4089 non
1375 4027 1426 4088 ta·

192 4144 271 4191 men
285 4122 328 4190 ad
338 4124 593 4209 persuadendum
614 4126 855 4194 accommodata
865 4125 988 4194 efficere
998 4126 1079 4207 vult¹
1095 4126 1275 4210 Horatium,
1287 4147 1360 4195 oum
1374 4146 1426 4194 ar·

196 4237 384 4315 gementum
415 4233 450 4298 in
478 4231 693 4313 Maecenatem
726 4233 927 4317 potissimum
948 4231 1062 4301 endere
1090 4233 1222 4314 uideret,
1257 4233 1425 4303 eonsilium

198 4335 266 4404 sat
289 4337 447 4409 emundas
468 4360 498 4405 a.
524 4340 598 4405 715.
623 4377 664 4390 ·-
689 4341 762 4405 716.
787 4339 1243 4424 compositaeinoolleetione,
1266 4361 1364 4427 qnam
1378 4339 1426 4407 ia·

197 4465 268 4511 oere
289 4445 323 4511 in
344 4445 451 4512 animo
472 4444 615 4527 haberet,
647 4447 843 4515 omittendae
877 4447 1008 4533 cepisse.
1037 4434 1090 4513 Ita
1119 4447 1240 4514 faotum
1275 4458 1353 4527 esse,
1387 4451 1426 4514 ut

197 4550 360 4632 Horatius,
373 4552 593 4637 cumprimum
604 4553 693 4621 illam
704 4555 921 4622 eolleotionem
944 4552 1126 4622 Satirarum
1141 4554 1259 4635 ederet,
1275 4554 1359 4621 hano
1370 4575 1425 4639 op·

197 4659 358 4744 presserit,
377 4674 436 4729 neo
457 4659 651 4746 reliquarum
668 4663 791 4746 corpori
817 4662 954 4731 inserere
966 4662 1115 4732 ¹voluerit.
1137 4660 1316 4749 Bostariore
1344 4667 1424 4727 tem-
1513 4698 1517 4705 ·

265 4806 291 4857 eie
