3726 5618
638 632 812 698 ..31-

107 837 258 921 scriptam
282 855 349 901 esse
370 833 498 912 diceret,
522 852 585 898 non
608 828 688 896 vidit
711 826 881 894 Horatium
897 846 964 893 rem
984 832 998 863 “
1016 825 1161 893 omnibus
1185 832 1217 892 et
1239 826 1333 911 lippis

106 950 215 1013 notam
239 949 270 1010 et
292 940 500 1020 tonsoribus„
527 937 740 1022 descripsisse.
774 934 927 1001 Libenter
957 934 1055 1018 igitur
1088 934 1227 1001 Frankio
1259 955 1332 1001 con·

106 1053 191 1133 cedo,
215 1072 278 1117 non
298 1051 393 1116 fuisse
415 1052 528 1133 poetae
551 1045 764 1123 metuendum,
789 1065 828 1109 ne
851 1049 918 1108 tarn
940 1042 1044 1108 faceta
1060 1041 1269 1126 perridiculae
1285 1043 1332 1108 rei

107 1161 235 1246 pictura
253 1159 358 1224 minus
380 1157 554 1222 delectaret
576 1154 711 1218 lectores
734 1157 807 1235 post
830 1151 1015 1216 decennium
1038 1156 1071 1215 et
1094 1151 1199 1234 plures
1223 1171 1330 1229 annos,

110 1273 215 1335 tamen
237 1266 360 1345 dubito,
384 1286 460 1330 num
483 1268 556 1347 post
579 1260 783 1327 decennium:

305 1481 483 1561 Proscripti
507 1475 603 1560 Rapis
627 1473 736 1558 Rupili
753 1494 817 1557 pas
840 1480 932 1556 atquo
955 1493 1100 1539 ceccaum

306 1587 448 1673 Hybrida
470 1605 528 1670 pao
545 1589 639 1667 pacto
662 1586 705 1649 sit
727 1582 858 1648 Persius
880 1581 972 1661 altas,
996 1583 1104 1663 opinor

312 1695 459 1762 Omnibus
482 1700 511 1759 ct
533 1694 628 1776 lappis
651 1695 809 1758 autumet
832 1689 1002 1756 tonsoribus
1025 1710 1093 1755 esse.

115 1911 283 1977 Horatium
307 1908 441 1976 scribere
462 1910 611 1996 potuisse,
636 1909 665 1974 ei
688 1905 857 1974 concedere
888 1905 1029 1971 debeam.
1062 1905 1149 1970 Idem
1179 1904 1335 1971 Frankius

118 2021 277 2087 “ironiam
299 2019 457 2102 quandam
479 2024 511 2085 et
535 2015 727 2103 apathiam„
753 2037 816 2102 qua
840 2021 936 2099 poeta
957 2015 1051 2081 Bruti
1072 2013 1264 2081 mentionem
1293 2012 1336 2080 ie·

112 2127 215 2206 nisset,
240 2127 323 2193 inv.
353 2128 404 2192 33.
429 2147 512 2211 seq.:

220 2392 540 2406 .......
565 2340 629 2408 Per
652 2362 788 2426 irrogans,
813 2339 923 2421 Brute,
948 2340 1016 2406 deos
1037 2346 1065 2404 tc

222 2447 293 2529 Oro,
318 2450 372 2532 pori
393 2469 476 2532 repes
498 2451 651 2515 coassoora's
675 2450 784 2529 tollere,
806 2471 861 2514 cur
883 2468 945 2514 oon

219 2555 312 2622 Horae
332 2577 432 2639 repara
447 2549 603 2640 jugulas?
630 2554 763 2639 Operam
785 2556 837 2622 boc
859 2557 936 2622 mibi
958 2555 1051 2634 crede,
1077 2561 1201 2620 torosam
1224 2559 1278 2620 est.

113 2755 238 2821 invenit.
263 2754 354 2820 Illam
382 2759 395 2790 ‘⁶
409 2753 556 2818 callidam
579 2753 713 2819 ironiam
726 2802 739 2832 „
766 2753 863 2818 etiam
885 2773 935 2817 me
958 2752 1074 2834 fugisse
1105 2751 1191 2816 haud
1213 2750 1267 2818 ibo
1290 2753 1337 2816 in-

112 2861 204 2928 fitias.
230 2861 291 2928 Sed
314 2862 455 2928 dolorem
477 2881 581 2927 meum
604 2881 653 2925 me
676 2862 723 2926 ita
745 2859 840 2925 fuisse
863 2859 1017 2938 hebetem,
1042 2866 1079 2925 ut
1101 2860 1226 2925 istam“
1246 2859 1336 2924 calli·

111 2970 186 3034 darn
223 2969 389 3049 ironiam„
426 2990 488 3036 non
524 2970 664 3048 viderim,
699 2969 896 3062 vehementer
934 2967 1116 3034 consolatur
1154 2966 1339 3033 scholiastes

113 3076 280 3162 Grunnius,
305 3080 359 3161 qui
390 3078 467 3144 haec
490 3078 529 3142 de
551 3079 677 3161 Rupilio
701 3098 774 3160 rege
802 3079 970 3145 memoriae
992 3076 1153 3160 prodidit:
1182 3076 1339 3143 “Publius

113 3186 258 3270 Rupilius
289 3186 356 3251 Rex
387 3185 618 3266 Praenestinus,
653 3191 822 3269 postquam
856 3185 1112 3251 aPraenestinis
1145 3185 1177 3249 in
1209 3184 1338 3251 exilium

112 3293 226 3359 missus
257 3298 314 3373 est,
346 3293 378 3357 in
409 3293 517 3358 Attica
538 3291 719 3377 -(Spohnius
742 3300 827 3359 recte
849 3294 1026 3359 emendavit
1048 3293 1080 3357 in
1103 3291 1218 3358 Africa.
1251 3292 1337 3360 Cous.

111 3399 227 3466 Caesar
249 3401 285 3465 B.
310 3401 367 3466 civ.
392 3400 416 3465 Ι.
443 3403 494 3466 31.
520 3394 583 3465 Cic.
608 3421 665 3484 pro
689 3400 756 3484 Lig.
786 3403 821 3466 1..
839 3400 882 3488 3.)
906 3401 1057 3468 militavit
1080 3399 1139 3466 sub
1164 3400 1254 3468 Attio
1276 3399 1338 3466 Va·

113 3507 176 3573 rio:
201 3508 312 3574 deinde
334 3528 405 3572 cum
428 3513 612 3592 praeturam
635 3514 765 3592 gereret,
798 3510 829 3573 in
853 3509 1057 3574 triumviratu
1080 3508 1274 3592 proscriptus
1297 3507 1338 3574 ab

113 3614 256 3698 Augusto
279 3614 418 3698 confugit
449 3615 489 3680 ad
517 3615 662 3695 Brutum,
694 3617 726 3680 in
748 3617 837 3701 cujus
867 3616 979 3681 castris
1003 3636 1074 3682 curn
1098 3614 1232 3681 Horatio
1256 3636 1339 3681 com·

113 3723 224 3802 milito,
249 3722 326 3788 tulit
340 3743 433 3806 aegre
450 3721 616 3788 tribunum
629 3745 700 3789 eum
716 3745 783 3789 esse
799 3724 946 3802 militum,
965 3725 1086 3807 generis
1105 3722 1339 3807 ignobilitatem

114 3831 141 3896 ei
176 3851 269 3914 saepe
292 3830 509 3914 exprobrans;
535 3852 632 3916 quare
662 3832 823 3911 Horatius,
851 3837 889 3898 ut
917 3852 950 3897 se
976 3832 1189 3941 uleipceretur,
1222 3832 1338 3898 descri-

112 3936 161 4004 bit
182 3937 353 4004 infacetum
376 3944 409 4003 et
431 3958 582 4021 arrogans
607 3940 672 4025 ejus
692 3941 724 4003 in
743 3939 902 4024 jurgando
926 3960 998 4006 cum
1014 3939 1121 4005 Persio
1137 3940 1304 4022 ingenium.
1321 3990 1335 4018 „

113 4047 280 4112 Praeterea
303 4045 443 4113 conferas
465 4046 559 4111 velim
583 4067 677 4112 carm.
702 4046 741 4111 Π.
769 4048 796 4110 7.
822 4054 855 4112 et
878 4069 924 4131 ep.
958 4047 981 4112 l.
1016 4048 1065 4113 20.
1097 4048 1149 4113 23.
1173 4052 1206 4113 et
1236 4046 1338 4114 Hora·

113 4154 193 4219 tium
215 4154 384 4220 memoriae
406 4158 439 4219 et
459 4154 578 4219 nomini
600 4154 692 4220 Bruti
715 4153 865 4219 honorem
882 4175 1003 4238 semper
1017 4153 1168 4220 habuisse
1189 4155 1336 4221 invenies.

114 4261 185 4328 Meo
204 4262 275 4346 jure
298 4261 396 4344 igitur
420 4266 547 4345 poetam
563 4261 650 4327 haud
682 4261 783 4327 multo
814 4269 896 4346 post,
921 4284 1017 4347 quam
1039 4263 1173 4330 Romam
1196 4283 1339 4330 reversus

115 4374 172 4450 est,
194 4389 222 4435 a.
249 4370 319 4435 713.
343 4369 475 4435 satiram
498 4368 659 4454 scripsisse
683 4369 848 4438 contendo.

571 4587 885 4598 Ἥ
