3726 5618
851 600 1033 667 -29-.

324 816 387 879 quo
409 798 507 879 atque
539 795 601 861 iter
630 799 703 878 post
731 793 869 861 reditum
891 800 1013 862 aestate
1034 797 1085 864 uel
1117 800 1288 865 auctumno
1311 799 1451 884 ejusdem
1473 803 1549 867 anni

324 907 395 970 717.
429 906 623 989 descriptum
650 904 692 970 ab
716 905 850 971 Horatio
872 926 940 970 esse
962 906 1126 972 contendo.
1150 906 1198 972 De
1227 907 1324 973 rebus
1362 909 1547 994 geographi·

323 1013 368 1077 ois
391 1013 485 1078 mitto
508 1011 607 1079 verba
630 1011 741 1090 iacere,
767 1033 838 1076 cum
860 1010 940 1075 nihil
962 1012 1004 1077 ad
1037 1020 1179 1080 nostram
1212 1036 1279 1081 rem
1301 1015 1429 1082 faciant.
1466 1016 1548 1082 Tan-

321 1124 391 1186 tum
424 1120 687 1186 Walokenaerum
716 1121 749 1184 in
772 1119 864 1199 libro,
896 1120 987 1204 cujus
1018 1122 1143 1204 saepius
1169 1123 1237 1206 jam
1267 1124 1456 1190 mentionem
1477 1124 1546 1206 feci,

323 1228 382 1295 vol.
406 1229 430 1293 l
453 1250 483 1312 p.
509 1229 583 1292 209.
607 1247 760 1311 perquam
781 1226 861 1292 bene
895 1227 1113 1311 explanavisse
1145 1229 1207 1295 iter
1238 1231 1450 1298 Horatianum
1479 1233 1547 1299 ani-

323 1336 528 1404 maduertisse
549 1337 653 1404 velim.

413 1729 539 1798 Satircc
560 1736 665 1798 sectae
687 1751 796 1797 versus
818 1730 871 1795 45.
896 1750 981 1813 seq.:

482 1946 574 2012 Nurac
596 1947 638 2012 ud
657 1968 706 2013 rue
727 1947 815 2013 redeo
837 1945 977 2012 libertino
994 1951 1089 2028 putre
1111 1951 1230 2035 actum,

479 2056 575 2137 Quem
596 2055 709 2120 redcat
731 2075 834 2121 omncs
856 2053 999 2120 libertino
1015 2060 1112 2136 patre
1133 2060 1254 2136 actum,

446 2184 451 2194 ·
476 2160 576 2242 Ncrcc,
598 2163 675 2246 qaia
697 2183 767 2228 sum
789 2162 854 2242 cut,
875 2161 1050 2242 Maecenas,
1074 2163 1232 2229 concidor.

319 2396 397 2463 satis
419 2397 646 2476 demonstrant,
670 2396 802 2462 satiram
824 2395 906 2462 hane
927 2396 1080 2463 adversus
1101 2398 1263 2464 hominum
1292 2398 1545 2466 malevolentiam

190 2521 194 2528 '
319 2525 386 2571 esee
421 2504 639 2588 conscriptam.
685 2502 872 2568 Extiterumt
906 2503 1004 2583 enim,
1044 2505 1098 2588 qui
1141 2505 1334 2573 Maecenatis
1374 2507 1545 2574 amicitiam

318 2632 417 2697 prava
439 2610 611 2677 ambitione
631 2609 801 2676 Horatium
823 2610 884 2675 sibi
906 2610 1088 2676 conciliasse
1118 2613 1291 2694 crederent,
1328 2619 1425 2698 atque
1453 2620 1545 2681 nata·

318 2721 398 2787 lium
419 2717 652 2804 ignobilitatem
683 2722 715 2782 et
745 2718 890 2784 servilem
912 2717 1128 2784 adulationem
1151 2720 1387 2805 exprobrarent
1422 2720 1545 2800 Quibus

319 2825 592 2894 criminationibus
621 2831 659 2890 ut
693 2830 874 2891 occurreret
895 2831 999 2910 poeta,
1023 2828 1160 2910 primum
1189 2852 1217 2895 v.
1245 2828 1371 2893 1.-44.
1406 2828 1447 2895 de
1470 2850 1545 2896 vero

317 2937 436 3003 honore
458 2939 491 3000 et
512 2932 682 2998 nobilitate
704 2933 842 3017 exponit,
867 2932 981 2999 deinde
1004 2958 1030 3000 v.
1053 2936 1204 3000 45.-55.
1241 2936 1373 3020 Vergilii
1401 2942 1433 3003 et
1456 2937 1545 3003 Varii

317 3041 585 3110 commendatione
608 3040 696 3105 sein
718 3041 911 3106 Maecenatis
934 3043 1120 3125 praesertim
1142 3043 1229 3109 cauti
1250 3043 1362 3128 dignos
1385 3064 1544 3112 assumere
1604 3123 1612 3138 ·

317 3153 434 3218 amicos
456 3148 707 3215 familiaritatem
728 3148 906 3232 pervenisse
935 3156 1055 3229 narrat,
1087 3149 1199 3217 deinde
1229 3152 1365 3235 primam
1398 3173 1542 3236 congres-

317 3260 435 3326 sionem
464 3255 626 3337 describit,
655 3255 790 3340 denique
824 3277 887 3340 qua
921 3256 1075 3340 singulari
1105 3279 1182 3324 cura
1204 3262 1236 3323 et
1258 3257 1423 3342 diligentia
1451 3265 1544 3344 pater

316 3388 388 3433 eum
410 3364 591 3432 educaverit
613 3363 715 3445 docet,
740 3385 895 3448 suumque
917 3364 1077 3448 ingenium
1099 3366 1286 3450 vivendique
1301 3367 1475 3452 simplicem
1491 3389 1542 3435 ra·

316 3476 434 3542 tionem
458 3472 608 3557 depingit.
634 3471 725 3549 Quod
748 3477 971 3556 argumentum
992 3472 1277 3540 luculentissimum
1299 3474 1428 3542 exhibet
1450 3477 1541 3545 testi·

314 3582 454 3648 monium
476 3579 609 3644 satiram
631 3577 713 3643 hanc
735 3600 803 3644 esse
825 3578 1036 3662 conscriptam
1059 3584 1132 3662 poet
1154 3581 1307 3663 quintam,
1332 3587 1370 3647 ut
1388 3582 1457 3667 jam
1469 3606 1541 3669 pro·

316 3690 391 3757 bavi
423 3709 506 3753 anno
541 3688 615 3751 717.
650 3708 682 3751 1.
717 3707 743 3751 o.
776 3691 949 3752 exaratam.
993 3686 1204 3781 Kirchnerus,
1241 3670 1488 3758 Walckenaerus
1515 3694 1540 3779 ¹)

314 3819 342 3864 a.
369 3798 498 3863 718.1.
523 3815 549 3859 c.
574 3795 785 3879 assignarunt,
810 3816 883 3861 cum
903 3794 1061 3861 Frankius
1084 3815 1112 3860 1.
1138 3797 1211 3861 717.
1235 3798 1448 3882 conscriptam
1470 3820 1539 3867 esse

315 3908 462 3984 censeret,
485 3903 546 3970 hcc
567 3903 768 3987 potissimum
789 3903 883 3969 nixus
906 3907 1103 3986 argumento,
1128 3903 1213 3987 quod
1236 3906 1262 3970 si
1284 3910 1380 3990 poeta
1409 3906 1541 3972 satiram

312 4013 492 4080 1111718.
518 4011 764 4094 conscripsisset,
789 4016 875 4077 certe
896 4011 1110 4076 Maecenatem
1143 4011 1266 4078 cunctis
1299 4012 1385 4098 apud
1407 4014 1540 4081 Romam

313 4125 411 4206 atque
431 4118 558 4184 Italiam
581 4118 795 4202 praepositum
818 4116 958 4204 1111111)
981 4118 1173 4184 mentionem
1194 4118 1328 4186 fecisset.
1361 4120 1482 4189 Deinde
1500 4143 1539 4189 ex

312 4226 457 4295 versibus
480 4227 530 4292 30.
546 4265 584 4272 —
602 4227 654 4291 39.
678 4225 844 4293 manifesto
875 4244 1027 4310 apparere
1056 4225 1271 4296 Maecenatem
1300 4228 1538 4298 1111111011-

314 4335 393 4402 saris
415 4332 561 4420 partibus
583 4332 727 4401 functum
749 4333 845 4403 fuisse
866 4333 1037 4403 contendit.

402 4533 611 4544 ——u-——u

402 4605 421 4672 ¹)
439 4602 460 4657 l.
479 4619 505 4672 p.
524 4604 585 4656 258.

400 4694 420 4764 ²)
438 4692 502 4748 Tac.
522 4709 545 4747 a.
565 4694 589 4746 6.
611 4694 651 4746 ll.
