3726 5618
829 599 1001 666 42-

316 795 396 862 Asia
414 795 537 861 venisse
559 793 602 860 ad
624 793 814 861 seditionem
824 800 1056 874 veteranorum,
1087 815 1167 879 quos
1197 795 1266 860 sine
1287 814 1421 860 munere
1444 792 1539 858 dimi·

316 906 412 982 serat,
425 900 695 986 compescendam,
708 900 817 985 ibique
839 902 975 985 triginta
989 901 1063 986 (Dio
1085 901 1137 981 51,
1151 900 1196 984 5.)
1209 908 1266 968 ant
1279 903 1393 986 viginti
1416 908 1539 986 septem

317 1007 384 1074 dies
407 1009 590 1094 (Suetonius
614 1028 640 1072 e.
666 1009 731 1091 17.)
754 1014 923 1088 moratum,
936 1007 1036 1074 donec
1058 1007 1217 1074 desideria
1243 1009 1382 1074 militum
1406 1009 1536 1074 ordina·

315 1122 435 1194 rentur,
460 1121 494 1180 et
515 1114 629 1180 deinde
659 1115 694 1179 in
723 1115 892 1180 Graeciam
925 1113 1062 1199 indeque
1077 1116 1112 1180 in
1133 1115 1243 1182 Asiam
1265 1135 1333 1181 esse
1363 1122 1536 1181 revectum.

314 1223 420 1288 Primo
443 1228 561 1300 autem,
589 1221 675 1305 quod
698 1221 874 1300 attulimus,
898 1227 1086 1305 argumento
1108 1220 1259 1287 hocloco
1281 1220 1427 1287 deanno
1451 1221 1537 1299 718,

315 1330 498 1414 quostiam
525 1349 618 1412 agros
640 1327 833 1394 Octavianus
855 1328 940 1393 inter
951 1335 1119 1394 veteranos
1129 1334 1200 1392 tum
1221 1328 1256 1392 in
1279 1327 1536 1412 Campaniacum

315 1437 350 1500 in
372 1435 445 1500 aliis
468 1435 583 1500 Italiae
604 1433 788 1518 regionibus
822 1433 1042 1514 distribuerat,
1077 1455 1141 1499 non
1157 1454 1249 1518 posse
1275 1434 1418 1519 cogitari,
1443 1433 1539 1498 iacile

315 1542 479 1608 evincitur.
502 1542 647 1625 Denique
669 1541 755 1624 qnod
777 1563 806 1605 r.
830 1541 1019 1607 aedictum
1033 1540 1189 1626 legimus:

475 1763 488 1792 “
515 1753 687 1836 imprimat
708 1753 756 1820 bis
778 1774 864 1835 aera,
889 1754 1058 1822 Maecenas
1079 1756 1171 1839 apae
1193 1753 1314 1821 tabellis
1339 1803 1354 1834 „
1445 1753 1464 1834 l„

318 1986 404 2032 anno
429 1966 504 2031 723.
529 1968 655 2052 egregie
677 1968 833 2034 convenit.
856 1968 986 2034 Etenim
1015 1968 1183 2035 Maecenas
1212 1969 1332 2034 Romae
1366 1975 1399 2033 et
1427 1966 1543 2032 ltaliae

317 2079 389 2138 tum
413 2074 624 2158 praepositus,
649 2075 722 2159 (Dio
745 2074 798 2148 51.
822 2075 853 2140 3.
876 2075 967 2154 Plin,
981 2075 1034 2140 37.
1057 2075 1103 2158 2.)
1126 2096 1191 2140 una
1213 2096 1286 2140 cum
1307 2075 1450 2158 Agrippa
1485 2094 1545 2138 an-

313 2180 426 2247 nulum
448 2183 519 2266 ejus
541 2182 751 2265 signatorium
775 2182 918 2265 sphingis
940 2180 1112 2264 imaginem
1138 2180 1336 2258 referentem,
1368 2180 1460 2264 cujus
1483 2179 1542 2244 dn-

316 2288 391 2373 plex
424 2288 567 2373 ejusdem
600 2287 721 2353 formae
745 2286 908 2370 exemplar
938 2286 1130 2352 Octavianus
1160 2285 1323 2365 habebat,
1363 2290 1540 2369 acceperat,

319 2416 420 2479 eoque
443 2393 651 2478 obsignandis
673 2395 773 2478 ipsius
796 2394 923 2459 nomine
944 2391 1074 2458 tabellis
1100 2399 1149 2458 est
1181 2413 1268 2458 usus.
1301 2391 1424 2470 Quibus
1446 2413 1542 2475 argu·

317 2501 434 2566 mentis
456 2501 651 2566 Kirchnerus
668 2502 693 2585 ¹)
717 2501 864 2585 Bentleji,
888 2521 986 2584 quam
1008 2500 1043 2565 in
1066 2500 1160 2565 initio
1187 2500 1462 2565 commentationis
1488 2518 1546 2562 no·

320 2614 407 2673 strae
431 2608 664 2691 exscripsimus,
688 2608 959 2692 computationem
980 2606 1137 2671 convellit.
1167 2606 1252 2671 Nam
1280 2605 1309 2671 si
1341 2606 1443 2670 satira
1463 2604 1544 2669 haee

320 2713 362 2778 ad
375 2734 495 2779 annum
519 2714 593 2779 718.
610 2722 693 2780 esset
704 2713 879 2793 referenda,
896 2713 1024 2778 initium
1039 2711 1268 2778 familiaritatis
1279 2714 1364 2778 inter
1373 2712 1544 2777 Horatium

317 2826 350 2886 et
373 2820 592 2886 Maecenatem
612 2822 681 2905 jam
703 2821 737 2886 in
760 2842 880 2886 annum
903 2819 976 2883 711.
999 2817 1172 2883 incidisset.

406 3136 534 3207 satirae
556 3140 706 3221 septimae
736 3144 767 3204 et
788 3143 912 3205 octavae
932 3145 1021 3204 aetas
1043 3144 1130 3204 certe
1159 3136 1299 3203 describi
1327 3159 1391 3202 non
1427 3143 1543 3222 potest.

319 3245 428 3311 Solum
452 3244 559 3311 dicem
581 3266 749 3330 possumus
773 3265 813 3311 ex
835 3247 953 3312 satirae
976 3245 1131 3330 septimae
1142 3265 1235 3310 versu
1251 3244 1323 3309 118.
1339 3243 1545 3310 manifestum

317 3350 395 3431 fieri,
413 3359 542 3435 poetam
564 3351 732 3436 praedium
755 3351 910 3419 Sabinum
928 3352 997 3436 jam
1020 3352 1076 3416 diu
1089 3351 1275 3436 possedisse,
1291 3350 1425 3434 ideoque
1447 3350 1475 3414 ei
1493 3350 1544 3414 ul·

316 3461 431 3524 timam
452 3481 517 3524 non
539 3460 689 3538 dicemus,
713 3465 823 3525 tamen
843 3466 929 3526 recte
939 3459 1120 3524 novissimis
1147 3458 1237 3523 illam
1250 3455 1543 3521 adnnmarabimns

316 3563 483 3646 Teuffelns,
518 3567 685 3651 Spohniua,
710 3564 1093 3631 Weberusa.726.illam
1109 3565 1322 3648 assignarunt,
1349 3562 1544 3627 Kirchnerus

317 3674 351 3736 in
374 3694 493 3738 annum
516 3672 601 3752 725,
616 3673 774 3738 Frankius
786 3674 820 3738 in
832 3693 861 3737 a.
875 3672 949 3736 724.
961 3672 988 3754 ⁹)
1000 3671 1145 3736 contulit.
1162 3671 1239 3748 Quis
1250 3670 1363 3735 horum
1381 3667 1543 3734 adrerum

319 3780 582 3863 quamproxime
606 3780 783 3858 accesserit,
807 3799 962 3862 perquam
984 3775 1113 3843 difficile
1136 3784 1186 3843 est
1219 3777 1324 3842 dicem
1350 3777 1389 3841 In
1417 3797 1544 3841 versum

316 3887 468 3976 pltimum
493 3885 645 3953 Canidiae
667 3887 786 3951 mentio
811 3891 859 3950 est
881 3885 1000 3969 injecta
1030 3882 1070 3949 ob
1106 3904 1240 3968 eamque
1270 3879 1427 3948 Teuffelus
1460 3882 1544 3947 hanc

318 3988 452 4084 satiram
479 3994 514 4059 in
547 3993 658 4078 primis
689 3992 820 4058 secundi
849 3991 925 4056 libri
959 4012 1027 4057 esee
1054 3990 1220 4075 judicavit.
1247 3989 1350 4056 Aliter
1379 3995 1545 4053 senserunt

318 4100 524 4180 Kirchnerus,
547 4099 715 4179 Frankius,
741 4100 796 4183 qui
818 4120 907 4164 mera
930 4098 1114 4182 conjectura
1134 4095 1224 4162 ducti
1248 4117 1318 4161 eam
1341 4119 1370 4162 a.
1396 4095 1469 4161 724.
1493 4117 1545 4160 aa·

315 4206 499 4288 signarunt.
530 4206 777 4271 Walokenaerue
805 4205 912 4288 ⁸)hoc
936 4205 1067 4270 consilio
1101 4209 1250 4287 quartam
1279 4208 1313 4269 et
1327 4209 1472 4269 octavam
1493 4223 1545 4273 sa,-

402 4405 610 4414 *-

407 4454 425 4524 ι)
445 4452 555 4522 Quaest.
572 4453 638 4509 Hor.
656 4454 672 4526 ξ
690 4456 734 4510 88.

404 4544 428 4610 ²)
443 4542 509 4597 Hor.
527 4541 619 4597 Flacci
639 4543 797 4598 Sermonum
814 4542 877 4598 libri
895 4543 960 4610 duo,
974 4543 1027 4599 vol.
1044 4543 1078 4599 11.
1095 4559 1168 4614 pars.
1186 4546 1212 4598 2.

404 4631 423 4699 Ι)
443 4630 563 4687 Histoire
581 4631 615 4687 de
633 4631 661 4687 la
678 4630 721 4687 rie
741 4638 768 4687 et
787 4631 835 4688 des
854 4632 962 4701 patries
981 4632 1114 4688 d’Horeee
1132 4636 1203 4687 tome
1221 4632 1241 4685 Ι.
1259 4646 1287 4700 p.
1303 4631 1366 4687 894.
