3726 5618
836 657 1009 722 ..13-

404 853 558 920 Horatius
582 853 664 919 enim
687 853 784 918 dicit:

472 1022 486 1052 ‘⁴
511 1014 557 1094 Ut,
583 1036 651 1079 σωκ
674 1015 845 1079 carceribus
867 1015 977 1079 missos
998 1015 1087 1094 repit
1108 1013 1225 1096 κκςνλα
1247 1035 1365 1094 curros,

505 1123 610 1187 Iastat
633 1124 718 1205 eprrr‘s
741 1124 855 1204 euripo
877 1142 948 1186 suos
970 1122 1166 1197 or'rrccrrtibccs,
1190 1123 1277 1186 ι’άκκι

502 1231 719 1296 Praeteritum
742 1235 878 1296 temnens
902 1236 1051 1295 cctrcrrccs
1073 1231 1156 1295 inter
1179 1236 1308 1295 cratera.
1326 1281 1340 1309 ,

404 1410 449 1476 Et
470 1410 638 1494 Virgilius:

472 1595 487 1626 ‘⁴
512 1587 558 1669 Ut,
582 1611 651 1654 cora
673 1590 846 1655 ccrccrrbos
867 1610 931 1654 sese
953 1588 1084 1671 effodere
1106 1589 1283 1672 paternae,

509 1697 640 1762 Addorrt
663 1699 697 1761 irc
719 1699 827 1780 spatio
849 1701 879 1763 ct
900 1698 1023 1780 frustra
1045 1697 1219 1762 retc'rrccrcba
1243 1696 1367 1762 tcrrdcrrs

512 1804 625 1871 Fertor
648 1807 733 1887 eqor's
756 1807 869 1888 euripo
891 1825 986 1886 cepoe
1009 1804 1099 1869 cudit
1122 1825 1231 1869 cwrrrrs
1253 1803 1428 1883 babeas,

318 1981 420 2059 Quam
440 1981 608 2048 Kirchneri
631 1984 820 2049 sententiam
842 1983 967 2048 omnino
989 1983 1103 2048 falsam
1126 2004 1193 2047 esse
1215 1983 1301 2048 haud
1317 1981 1540 2062 contenderim,

316 2090 372 2155 sed
394 2090 471 2155 mihi
501 2112 568 2155 rem
602 2092 781 2156 accuratius
814 2090 1020 2175 perpendenti
1054 2090 1228 2156 similitudo
1251 2090 1364 2157 horum
1394 2112 1543 2158 versuum

315 2197 416 2279 magis
440 2218 524 2277 casu,
549 2219 645 2281 quam
668 2199 792 2263 ratione
814 2199 953 2263 evenisse
974 2197 1109 2277 videtur,
1134 2199 1321 2280 praesertim
1343 2220 1416 2263 cum
1438 2199 1543 2264 animo

313 2305 479 2389 utriusque
500 2310 612 2388 poetae
635 2304 837 2371 obversatum
861 2327 930 2371 esse
952 2327 1104 2388 perquam
1126 2305 1277 2371 credibile
1300 2306 1434 2372 sitillud
1449 2305 1541 2372 Hom.

314 2411 351 2476 Il.
377 2414 430 2478 23.
456 2414 532 2478 320.
558 2434 621 2496 seq.

500 2587 535 2669 ὃς
556 2588 591 2657 δέ
613 2615 648 2658 κε
671 2589 787 2673 κέρδεα
810 2592 878 2678 εἰδῇ
903 2588 1049 2656 ἐλαύνων
1070 2587 1212 2675 ἥσσονας
1233 2592 1361 2673 ἵππους,

498 2694 559 2760 αἰεὶ
578 2691 663 2779 τέρμ’
676 2691 783 2780 ὁρόων
806 2693 935 2780 στρέφει
957 2691 1107 2778 έχχύθεν,
1131 2691 1208 2760 ούδέ
1231 2693 1246 2761 έ
1267 2694 1368 2780 λήθει,

497 2795 610 2876 ὅππως
633 2795 670 2864 τὸ
693 2802 820 2884 πρῶτον
841 2798 964 2884 τανύσῃ
987 2796 1126 2884 βοέοισιν
1149 2801 1266 2884 ἱμᾶσιν,

497 2897 564 2968 ἄλλ’
578 2900 639 2987 έχει
661 2896 829 2988 άσφαλέως
850 2903 905 2969 καὶ
925 2899 983 2969 τὸν
1004 2899 1189 2988 προύχοντα
1212 2901 1346 2970 δοκεύει.

318 3079 409 3156 Quod
429 3083 467 3143 ut
489 3077 616 3143 credam
639 3100 676 3144 eo
698 3080 800 3163 magis
822 3079 972 3159 adducor,
997 3079 1073 3163 quia
1102 3078 1187 3144 hunc
1220 3080 1350 3147 Homeri
1381 3081 1487 3146 locum
1509 3080 1542 3145 in

317 3186 447 3252 Electra
469 3186 517 3251 ita
540 3184 711 3269 Sophocles
734 3192 783 3251 est
805 3188 951 3251 imitatus
974 3211 1002 3250 v.
1028 3188 1101 3251 715.
1127 3210 1190 3271 seq.

603 3359 686 3448 ὁμοῦ
708 3363 743 3431 δέ
765 3363 881 3442 πάντες
903 3361 1150 3451 ἀναμεμιγμένοι

541 3470 693 3554 φείδοντο
715 3465 856 3554 κέντρων
879 3464 985 3550 ούδέν,
1009 3465 1052 3547 ὡς
1073 3466 1251 3556 ὑπερβάλοι

539 3570 637 3657 χνόας
658 3597 704 3650 τις
726 3569 837 3639 αύτιῖνν
858 3572 913 3638 καὶ
935 3568 1124 3658 φρυάγμαθ’
1138 3573 1261 3641 ἱππικά.

541 3681 623 3771 ὁμοῦ
645 3680 707 3770 γάρ
731 3681 814 3771 ἀμφὶ
834 3687 920 3752 νῶτα
941 3685 996 3751 καὶ
1017 3689 1141 3772 τροχῶν
1162 3684 1270 3773 βάσεις

539 3796 685 3885 ἤφριζον,
710 3796 893 3884 εἰσέβαλλον
915 3798 1042 3865 ἱππικαὶ
1062 3801 1170 3866 πνοαί.

320 3974 397 4053 Quis
418 3979 525 4042 antem
546 3974 716 4041 Horatium
736 3972 867 4041 Iliadem
890 3979 948 4039 aut
966 3974 1128 4041 Electram
1150 3976 1264 4060 legisse
1286 3977 1476 4062 negaverit?
1505 3981 1528 4066 ).

405 4084 528 4150 Primus
550 4089 657 4149 tamen
679 4102 806 4149 versus:

475 4271 489 4299 “
511 4264 573 4346 Qut
592 4263 636 4346 bt,
660 4262 837 4342 Mocccrros,
862 4266 898 4327 ot
919 4281 1016 4342 cerco,
1040 4282 1136 4345 ρκωκ
1156 4263 1217 4329 sr'br'
1238 4269 1383 4348 sortem„

403 4448 612 4458 ...—

406 4499 423 4568 1)
441 4497 575 4552 Franlrius
592 4495 734 4550 Horatium
754 4495 783 4548 in
800 4510 842 4564 ep.
861 4497 886 4549 2.
906 4494 1033 4550 “Beatus
1051 4494 1097 4550 ille
1111 4537 1124 4566 „
1137 4497 1166 4552 in
1178 4498 1347 4555 celebrandis
1365 4499 1437 4556 vitae
1455 4500 1534 4558 rusti-

318 4601 365 4643 cae
382 4586 508 4643 laudibus
525 4585 656 4656 pressisse
674 4584 779 4654 Virgilii
797 4584 909 4653 vestigia
931 4584 1075 4655 contendit,
1102 4586 1151 4642 sed
1180 4589 1271 4644 nescio
1302 4604 1337 4644 an
1351 4590 1538 4659 ‘gradssimum

320 4681 502 4746 argumentum
520 4677 563 4747 sit,
582 4692 633 4745 quo
652 4675 792 4745 quominus
811 4675 837 4729 ei
855 4672 1002 4744 credamus,
1019 4675 1218 4748 prohibeamur,
1231 4677 1303 4748 quod
1317 4679 1375 4748 jam
1386 4680 1537 4752 Xenophon

320 4764 381 4825 Qec.
400 4768 433 4825 V.
453 4771 477 4822 1.
491 4798 500 4807 -
514 4768 556 4822 27.
575 4766 656 4823 vitam
673 4765 800 4821 rusticam
817 4763 1028 4834 praedicaverat.
