3726 5618
647 636 819 700 „19-

117 836 316 914 innotuisset,
340 833 436 898 tertia
458 833 650 899 Maecenatis
672 832 809 898 animum
832 829 894 895 sibi
913 828 1141 895 conciliandum
1156 847 1337 910 omnemque

119 943 328 1025 malignitatis
353 941 558 1024 suspicionem
581 939 798 1004 removendam
821 937 881 1002 sibi
903 935 1073 1020 proposuit.
1088 939 1112 1022 ¹)
1129 933 1339 1012 Quamobrem

121 1050 292 1114 amicorum
312 1049 389 1113 vitia
411 1047 524 1112 leniter
546 1046 673 1110 ferenda
695 1052 727 1110 et
749 1042 921 1117 maioribus
939 1043 1110 1108 virtutibus
1137 1041 1245 1107 docuit
1271 1062 1338 1106 esse

122 1157 265 1239 tegenda.
294 1156 416 1233 Restat,
452 1160 489 1218 ut
512 1175 748 1218 commemorem
781 1153 877 1217 etiam
908 1149 1079 1216 Teuffelum
1102 1148 1236 1214 eundem
1267 1170 1338 1214 cum

121 1264 293 1329 Kirchnero
316 1285 432 1328 annum
455 1263 548 1346 hujus
571 1263 697 1343 eclogae
720 1267 869 1339 statuere,
894 1260 1035 1343 quamvis
1058 1297 1097 1306 -
1114 1263 1151 1323 ut
1172 1257 1249 1322 mihi
1270 1257 1339 1342 qui·

122 1371 192 1436 dem
225 1372 349 1437 videtur
374 1411 413 1418 —
448 1369 689 1435 concertationis
712 1369 816 1432 studio
848 1373 972 1431 tantum
1009 1366 1121 1431 ductus
1158 1364 1337 1444 Weicherti,

124 1479 297 1558 Kirchncri‚
321 1479 440 1545 Franki
462 1478 500 1543 de
523 1477 652 1542 consilio
675 1481 708 1540 et
729 1477 861 1554 ratione,
892 1496 955 1558 qua
977 1473 1130 1539 Horatius
1151 1473 1184 1538 in
1206 1471 1340 1557 Tigellio

123 1588 238 1652 iterum
261 1586 466 1652 describendo
490 1586 533 1650 sit
555 1606 639 1663 usus,
663 1583 891 1667 impugnaverit
913 1582 1110 1648 sententiam.

575 1782 885 1792 .---·-—-——-···—-—··-·

214 1907 495 1975 commentationes
518 1906 557 1972 de
582 1905 709 1971 Statirae
730 1911 860 1988 quartae
882 1910 987 1970 aetate
1002 1902 1175 1987 perlegenti
1189 1922 1341 1988 perquam

126 2014 205 2079 bene
217 2015 335 2080 dictum
346 2015 424 2080 illud
440 2014 585 2093 Terentii,
607 2020 702 2097 “quot
717 2012 856 2078 homines
872 2018 921 2077 tot
934 2011 1126 2090 sententiae„
1145 2010 1222 2076 mihi
1240 2011 1342 2076 visum

125 2128 183 2201 est,
208 2123 354 2205 quoniam
376 2128 454 2206 quot
476 2123 534 2187 viri
554 2123 768 2206 quaestionem
790 2121 1004 2199 instituerunt,
1035 2124 1263 2202 proposuerunt
1292 2123 1342 2183 tot

123 2229 187 2293 fere
209 2230 390 2294 sententias.
414 2230 463 2294 Eo
486 2230 604 2313 majore
627 2231 724 2312 igitur
746 2228 909 2311 diligentia
932 2233 964 2292 et
986 2227 1114 2292 consilio
1133 2227 1166 2291 in
1184 2225 1244 2291 hac
1259 2247 1341 2292 com-

122 2338 316 2402 mentatione
338 2337 566 2403 oonscribenda
580 2344 663 2417 utar,
688 2359 745 2402 nec
767 2342 873 2402 tamen
896 2337 1029 2401 aliorum
1043 2335 1169 2418 judiciis
1190 2334 1341 2418 neglectis

123 2465 231 2508 verum
252 2445 407 2509 invenisse
428 2443 505 2509 mihi
528 2444 694 2526 arrogabo.

211 2551 408 2616 Weichertus
430 2553 528 2634 igitur
550 2574 577 2635 p.
601 2552 622 2615 1.
647 2573 671 2614 r.
688 2574 716 2634 p.
735 2553 807 2616 300.
832 2552 894 2616 ait:
921 2589 964 2599 —
980 2548 1272 2616 obtrectationibus
1289 2571 1341 2614 ex-

126 2665 288 2742 asperatus
312 2660 436 2742 scripsit
456 2658 609 2724 Horatius
630 2681 657 2723 a.
682 2681 713 2723 u.
738 2680 763 2723 c.
789 2659 861 2723 715.
893 2640 999 2723 ¹medio
1030 2658 1160 2723 satiram
1182 2662 1338 2740 quartam,

126 2768 158 2831 in
180 2788 242 2850 qua
265 2767 304 2832 de
328 2766 503 2831 Satirarum
526 2789 652 2831 suarum
675 2773 790 2832 natura
812 2771 844 2829 et
866 2765 935 2848 lege
958 2767 1112 2848 exposuit,
1137 2786 1271 2848 suosque
1293 2785 1342 2830 rc·

126 2874 339 2958 prehensores,
364 2877 419 2959 qui
451 2876 593 2955 aliorum,
625 2877 767 2959 quamvis
789 2874 942 2938 malorum
975 2879 1147 2956 poetarum,
1172 2878 1209 2937 ut
1230 2873 1343 2938 Fannii

130 2985 172 3065 (v.
198 2985 265 3069 21.)
290 2984 404 3048 satiras
442 2983 681 3063 admirarentur,
705 2983 867 3066 redarguit
890 2982 1121 3064 contemnitque
1144 2981 1345 3065 superciliose

126 3113 156 3156 v.
182 3091 243 3155 ll:

243 3261 256 3288 ‘⁸
273 3253 370 3319 Nulla
393 3255 523 3319 taberna
544 3275 624 3320 areos
646 3253 871 3336 iniectaeque
887 3254 959 3336 pila
981 3252 1103 3332 libellos,

277 3363 353 3444 Quis
375 3383 486 3426 nicona
509 3362 629 3426 incandet
651 3362 731 3445 culpi·
754 3361 1009 3444 Hermogenisque
1032 3358 1159 3443 Tigelli!

276 3468 339 3534 Nec
361 3472 452 3534 recito
475 3472 618 3552 cuiquam
640 3473 703 3535 nisi
725 3471 842 3549 aratris,
865 3470 955 3552 idque
977 3474 1106 3547 coccino,

275 3577 346 3642 Non
368 3579 465 3643 abicis
488 3600 624 3643 cornutae
647 3579 825 3661 quibuslibet
845 3628 869 3658 „.
896 3614 935 3625 —-

128 3740 224 3805 Patet
244 3740 341 3822 igitur
363 3740 576 3805 Weichertum
597 3742 746 3824 temporis
769 3740 908 3805 ordinem
941 3738 1055 3804 tertiae
1086 3744 1118 3805 et
1140 3743 1273 3822 quartae
1295 3757 1344 3803 sa·

129 3846 212 3911 tirae
244 3847 291 3910 ita
324 3847 496 3925 invertisse,
532 3852 569 3910 ut
603 3846 684 3910 hanc
721 3848 777 3912 illa
811 3847 945 3930 priorem
975 3845 1118 3925 haberet,
1144 3852 1346 3912 cumcontra

128 3952 284 4020 Frankius
306 3955 461 4019 rationein
485 3975 573 4018 suam
596 3975 701 4018 omnes
723 3975 785 4036 quo
807 3959 917 4018 extant
940 3953 1048 4018 ordine
1070 3953 1257 4038 compositas
1279 3973 1346 4019 esse

219 4140 428 4151 ——-.——

133 4187 151 4243 l’
163 4195 264 4258 auteur,
284 4191 306 4245 si
325 4191 386 4244 bien
407 4189 536 4245 d’accord
555 4206 619 4245 avec
637 4206 680 4244 ses
697 4205 809 4259 propres
827 4188 969 4260 principes.
989 4188 1026 4244 Ge
1044 4187 1134 4244 iurent
1145 4187 1346 4258 probablcment

132 4278 172 4335 les
190 4279 279 4334 motiis
298 4281 343 4348 qui
374 4280 411 4333 lui
436 4278 515 4334 fireut
539 4280 651 4357 desirer·
672 4280 705 4334 de
730 4280 755 4334 le
780 4283 926 4334 counaitre.
950 4279 973 4334 Il
992 4285 1032 4334 est
1048 4278 1186 4349 probable,
1213 4277 1285 4347 qu'il
1303 4275 1344 4332 fut

125 4373 232 4428 channe
251 4373 323 4426 aussi
342 4373 389 4427 des
406 4372 482 4426 traits
501 4372 595 4427 malins
615 4378 641 4427 et
660 4374 751 4427 aceris
771 4372 804 4427 de
823 4378 891 4426 cette
910 4370 991 4425 satire
1004 4376 1095 4424 contre
1108 4370 1155 4424 des
1167 4382 1347 4438 personnages

134 4463 178 4532 qu'
188 4463 207 4516 il
226 4464 251 4516 n'
260 4464 351 4517 aimait
380 4479 437 4531 pas,
465 4463 709 4531 particuliirement
733 4469 823 4517 contre
843 4478 873 4517 ce
895 4461 1023 4516 chanteur
1041 4460 1178 4530 Tigellius,
1205 4463 1265 4528 trop
1283 4458 1346 4514 bien

133 4553 256 4608 accueilli
274 4570 323 4622 par
342 4552 440 4607 Octavo
460 4553 542 4607 Oesar
560 4560 586 4607 et
605 4554 649 4621 qui
668 4554 739 4607 avait
757 4570 791 4608 eu
808 4551 963 4607 l’habitude
981 4550 1015 4606 de
1032 4550 1148 4622 prendre
1167 4565 1231 4608 avec
1242 4549 1280 4605 lui
1298 4547 1346 4607 des

133 4645 250 4704 licences
269 4663 319 4714 que
337 4646 448 4701 Merene
466 4662 500 4701 ne
519 4647 628 4717 pouvait
646 4661 803 4716 approuver.

222 4736 368 4811 ¹)Kirchu.
388 4744 489 4809 quaest.
508 4754 568 4809 pag.
588 4740 629 4795 63.
649 4737 673 4810 ξ.
692 4740 716 4793 9.
