3726 5618
857 609 1007 674 ..8-

318 805 508 884 extitissent,
532 803 652 870 bellum
682 811 865 888 paraturus,
891 810 988 890 atque
1019 826 1092 871 cum
1119 805 1199 871 alios
1230 805 1362 891 juvenes
1392 808 1552 875 Romanos

314 912 497 977 litterarum
535 932 632 977 causa
669 911 716 977 ibi
750 918 1002 993 commorantes,
1046 919 1117 979 tum
1157 913 1329 979 Horatium
1362 914 1404 980 ad
1441 922 1550 1000 partes

318 1041 393 1084 suas
416 1019 584 1102 pertraxit.
609 1019 669 1085 Cui
695 1019 849 1084 Horatius
883 1021 963 1085 adeo
992 1019 1147 1104 probatus
1181 1024 1239 1100 est,
1274 1027 1311 1086 ut
1346 1022 1458 1087 statim
1491 1023 1550 1087 tri-

314 1126 419 1191 bunus
442 1128 485 1191 sit
504 1125 618 1190 factus.
643 1126 776 1192 Secutus
799 1126 899 1210 igitur
921 1134 970 1193 est
990 1128 1129 1193 Brutum
1150 1129 1185 1193 in
1202 1127 1433 1209 Macedoniam,
1457 1128 1546 1196 dein·

317 1235 357 1300 de
381 1256 454 1299 cum
477 1254 514 1298 eo
542 1235 577 1298 in
606 1234 717 1298 Asiam
743 1234 881 1317 trajecit,
915 1240 952 1300 ut
982 1234 1076 1300 facile
1099 1241 1235 1320 apparet
1257 1257 1297 1302 ex
1318 1237 1422 1320 Epist.
1446 1238 1472 1302 Ι.
1498 1239 1550 1303 11.

316 1343 347 1407 6.
372 1348 405 1407 et
432 1342 498 1408 Sat.
522 1341 548 1407 Ι.
584 1340 613 1405 7.
648 1342 828 1425 meruitque
866 1341 1027 1425 stipendia
1059 1364 1161 1427 usquc
1197 1344 1240 1408 ad
1263 1365 1406 1428 pugnam
1428 1344 1549 1429 Philip

317 1470 456 1533 pensem,
482 1469 564 1532 quae
580 1452 716 1513 exeunte
735 1469 817 1513 anno
841 1449 924 1528 712„
950 1450 1066 1515 aetatis
1082 1450 1150 1534 ejus
1165 1451 1314 1515 vicesimo
1327 1457 1451 1534 quarto,
1467 1473 1551 1518 com-

318 1556 416 1621 missa
439 1561 497 1620 est.
520 1553 662 1619 Dcvictis
681 1554 722 1619 ab
745 1555 884 1620 Antonio
897 1561 930 1620 et
941 1557 1116 1622 Octaviano
1126 1558 1220 1622 Bruti
1233 1563 1266 1622 et
1280 1557 1382 1622 Cassii
1393 1558 1550 1641 partibus,

317 1664 469 1729 Horatius
488 1664 523 1727 in
537 1662 615 1746 fuga
630 1662 769 1727 salutem
781 1663 947 1745 quaesivit,
961 1664 995 1728 in
1010 1664 1140 1730 Italiam
1156 1665 1325 1749 etquidem
1337 1665 1512 1731 Venusiam
1526 1667 1548 1750 ¹)

317 1770 478 1855 profectus
502 1776 551 1835 est
563 1774 596 1834 et
607 1776 721 1853 postea
743 1790 764 1834 a
784 1770 972 1835 Triumviris
997 1771 1124 1836 veniam
1142 1771 1336 1855 impetrauit.
1363 1773 1460 1836 Pater
1482 1773 1552 1856 ejus

318 1899 392 1942 cum
408 1877 534 1942 interea
542 1876 673 1941 obiisset
686 1880 783 1960 atque
798 1877 1029 1961 proscriptione
1044 1877 1143 1943 fundo
1154 1884 1289 1962 paterno
1301 1878 1455 1943 Horatius
1468 1884 1552 1945 esset

318 1985 464 2067 privatus
481 1984 517 2066 Ω),
542 1983 698 2066 scriptum
720 1983 1025 2067 quaestoriumque
1047 1985 1147 2049 vitam
1170 1989 1375 2064 sustentaret,
1389 1985 1451 2050 sibi
1466 2006 1552 2051 com-

319 2091 448 2175 parauit
460 2090 496 2173 ⁸).
522 2091 602 2154 Tum
625 2089 733 2172 igitur,
757 2094 795 2154 ut
810 2089 878 2173 ipse
891 2091 947 2169 ait,
961 2095 1135 2173 paupertas
1152 2110 1225 2155 cum
1237 2091 1366 2174 impulit
1382 2091 1497 2171 andan,
1514 2099 1553 2158 ut

317 2218 427 2262 uersus
449 2195 581 2262 faceret.
606 2197 744 2281 Quem4)
759 2195 864 2261 locum
887 2197 969 2261 varii
991 2197 1078 2261 varie
1100 2202 1176 2261 sunt
1198 2198 1414 2280 interpretati,
1432 2199 1488 2264 sed
1515 2205 1554 2265 ut

319 2305 517 2387 reliquorum
540 2303 689 2368 omittam
700 2303 831 2386 judicia,
848 2303 1054 2383 Kirchnerus,
1072 2325 1167 2387 quem
1178 2303 1336 2368 Frankius
1352 2311 1480 2370 secutus
1492 2312 1551 2386 est,

318 2433 379 2476 acu
413 2433 482 2476 rem
516 2409 661 2493 tetigisse
695 2409 774 2475 mihi
796 2410 933 2489 videtur,
965 2432 1037 2477 cum
1072 2417 1224 2490 censeret,
1260 2416 1389 2494 poetam
1416 2414 1553 2501 juvenili

319 2517 444 2581 fervore
463 2517 533 2600 jam
555 2516 598 2581 ad
628 2537 736 2580 uersus
766 2515 944 2581 fundendos
973 2536 1183 2600 propensum,
1215 2517 1345 2601 jactura
1374 2518 1551 2602 dignitatis,

318 2623 479 2689 libertatis
502 2625 612 2708 reique
634 2622 803 2688 familiaris
836 2623 878 2689 ad
912 2645 983 2689 eam
1017 2625 1236 2689 morositatem
1267 2630 1300 2689 et
1329 2625 1453 2690 rabiem
1484 2626 1555 2692 'esse'

320 2731 539 2815 compulsum,
575 2736 612 2796 ut
648 2751 758 2796 versus
792 2731 1036 2796 contumeliosos
1070 2730 1191 2796 faceret
1216 2732 1263 2815 ⁶).
1299 2731 1379 2798 Cum
1415 2733 1449 2797 in
1483 2734 1552 2800 vita

322 2838 450 2903 Horatii
471 2837 612 2903 breviter
634 2837 817 2902 enarranda
839 2857 876 2902 eo
898 2837 1105 2920 pervenerim,
1140 2842 1178 2902 ut
1205 2858 1278 2903 eum
1301 2859 1409 2903 versus
1431 2838 1551 2905 fudisse

320 2945 469 3024 dicerem,
493 2942 581 3008 facili
599 2943 726 3008 deferor
748 2943 850 3026 gradu
863 2942 904 3007 ad
925 2942 1030 3026 ipsam
1052 2944 1281 3027 quaestionem,
1306 2966 1403 3029 quam
1415 2944 1550 3011 deSati·

321 3073 431 3118 rarum
453 3051 565 3116 ordine
588 3055 621 3116 et
642 3054 786 3134 tempore
808 3049 1041 3115 instituendam
1064 3050 1143 3116 mihi
1165 3052 1326 3135 proposui.
1362 3045 1364 3050 ’

410 3372 529 3437 Versus
551 3371 681 3456 primos,
704 3391 784 3455 quos
807 3371 980 3436 memoravi
1002 3370 1100 3436 fuisse
1123 3370 1246 3437 Satiras
1269 3376 1303 3436 et
1324 3372 1452 3456 Epodcs
1461 3373 1486 3456 ⁶)
1501 3372 1551 3439 in-

321 3483 373 3543 ter
395 3498 512 3556 omnes,
537 3477 593 3561 qui
615 3477 650 3540 in
672 3475 799 3542 Horatii
822 3475 978 3559 poematis
1001 3475 1082 3541 bene
1115 3477 1234 3541 versati
1267 3483 1351 3556 sunt,
1369 3480 1550 3561 -oonvenit;

322 3585 380 3650 sed
402 3605 497 3669 quem
520 3583 665 3666 singulae
687 3583 806 3649 satirae
827 3583 863 3647 in
885 3582 996 3648 ordine
1027 3588 1059 3648 et
1082 3583 1163 3648 serie
1186 3584 1423 3668 compositionis
1445 3585 1551 3651 locum

323 3696 497 3775 occupent,
532 3691 651 3754 mirum
680 3691 715 3754 in
745 3695 823 3773 quot
853 3690 1028 3755 sententias
1064 3690 1242 3756 discedunt.
1277 3691 1420 3769 Quarum
1461 3693 1552 3760 nulla

287 3814 292 3823 ·
323 3799 470 3882 neglecta
493 3802 590 3881 atque
613 3798 756 3863 omnium
779 3803 1042 3881 argumentorum
1064 3796 1234 3863 momentis
1267 3800 1473 3879 examinatis,
1509 3802 1552 3866 ad

411 4031 431 4101 ¹)
449 4029 566 4098 Franke,
583 4028 647 4085 fast.
664 4028 731 4083 Hor.
748 4042 811 4097 pag.
831 4028 873 4082 17.
955 4027 964 4037 “

409 4119 431 4189 ¹)
449 4118 536 4187 Epist.
555 4119 589 4174 H.
608 4121 634 4174 2.
653 4121 696 4172 50.
714 4116 785 4186 App.
803 4116 829 4173 b.
848 4116 897 4172 civ.
915 4117 961 4172 IV.
980 4119 1006 4173 3.

412 4210 432 4278 ⁸)
452 4209 508 4264 Sat.
526 4209 560 4262 II.
579 4210 604 4263 6.
623 4210 665 4262 36.
684 4221 741 4275 seq.
762 4237 793 4246 -
816 4205 940 4261 Ceterum
958 4205 1101 4276 Frankius‚
1120 4205 1181 4262 fast.
1193 4206 1258 4262 Hor.
1277 4223 1303 4276 p.
1322 4211 1365 4262 32.
1384 4224 1410 4265 a.
1428 4213 1471 4264 14.
1490 4225 1549 4266 rem

325 4298 355 4352 in
373 4297 482 4353 dubium
500 4297 604 4353 vocavit
621 4300 770 4366 praeeunte
788 4295 925 4366 Passcvio,
944 4282 1099 4351 Sanadcnc.
1120 4295 1211 4353 (tinet
1222 4296 1549 4366 Zumptiicommentatio·

326 4403 387 4443 nem
404 4389 434 4442 in
453 4387 571 4442 editione
591 4387 656 4455 Sat,
676 4401 757 4454 quam
774 4383 948 4441 Heindcrflus
967 4391 1115 4441 curaverat.

412 4478 432 4544 ⁴)
449 4477 537 4546 Epist.
550 4477 583 4531 11.
603 4479 628 4531 2.
646 4479 689 4530 51.
979 4544 980 4547 Ἴ

412 4569 433 4636 ⁸)
451 4566 601 4635 Kirchner,
621 4570 723 4634 quaest.
741 4565 806 4620 Hor.
825 4579 885 4634 pag.
907 4568 957 4635 15,
975 4564 1075 4620 Frank.
1093 4563 1155 4620 fast.
1173 4565 1238 4628 Hor.
1257 4581 1317 4637 pag.
1339 4569 1380 4622 19.
1400 4570 1443 4622 20.

412 4657 432 4726 ⁶)
452 4655 502 4713 0d.
519 4655 540 4711 I.
561 4659 602 4710 16.
620 4659 663 4709 22.
683 4655 738 4710 Sat.
757 4654 778 4709 I.
797 4657 822 4707 4.
841 4656 884 4708 41.
