3726 5618
845 617 1017 682 ..35-

316 810 417 897 igitur
439 810 549 877 docuit
567 810 682 877 invicti
704 810 831 877 nominc
849 811 917 895 jam
939 812 1029 896 prius
1050 809 1263 877 Octavianum
1276 811 1550 896 potniaseornari,

318 939 414 1003 quam
439 917 613 984 Antonium
635 917 764 983 vicisset
786 922 820 982 et
842 917 1056 1001 Cleopatram.
1080 916 1189 984 Sedet
1209 938 1269 984 nos
1292 917 1446 987 hocloco
1468 920 1552 986 illud

319 1024 451 1093 Teufleli
475 1030 491 1062 “
504 1024 647 1110 potuisse
670 1024 806 1104 ornari,
839 1045 897 1090 nec
930 1030 1038 1090 tamen
1060 1024 1158 1091 fuisse
1190 1025 1366 1092 ornandum
1395 1025 1549 1094 dicemus.

319 1132 409 1199 Idem
441 1130 602 1199 Teuffolus
642 1137 807 1215 praeterea
828 1131 915 1216 quod
947 1131 1106 1199 Frunkius
1130 1136 1164 1197 et
1189 1130 1384 1199 Kircbusms
1416 1139 1548 1201 couten-

318 1238 447 1319 derunt,
471 1244 603 1324 propter
625 1238 790 1304 Gallorum
812 1242 846 1303 et
867 1238 1061 1304 Parthorum
1075 1238 1269 1305 mentionem
1283 1239 1550 1307 vcuumillimum

319 1366 389 1412 esse
411 1351 487 1412 ante
509 1366 539 1411 a.
565 1346 639 1412 724.
663 1350 721 1411 aut
743 1366 773 1411 a.
799 1346 872 1411 725.
896 1344 994 1411 scribi
1015 1366 1079 1412 non
1100 1345 1253 1430 potuisse,
1282 1344 1416 1421 qukii
1448 1346 1550 1433 ipsius

319 1453 381 1519 bac
403 1452 691 1537 argumentatione,
716 1473 914 1519 communem
936 1460 1104 1537 poetarum
1120 1452 1207 1520 illius
1222 1453 1340 1520 aetatis
1359 1451 1460 1521 subse
1481 1470 1551 1521 mc

317 1581 395 1640 rem,
420 1565 459 1627 ut
479 1559 606 1626 etiamsi
629 1559 825 1626 Octavianus
835 1558 924 1639 nihil,
940 1558 1026 1642 quod
1038 1558 1212 1627 admodum
1226 1559 1432 1629 memorabile
1453 1564 1547 1641 esset,

319 1665 473 1733 dvorsus
495 1665 634 1734 Parthos
656 1666 782 1749 egisset,
805 1663 971 1749 magnifice
992 1670 1102 1732 tamen
1130 1664 1289 1734 derebus
1322 1666 1481 1735 Parthicis
1501 1666 1550 1735 lc·

319 1777 504 1858 querentur,
527 1770 682 1840 infirmari
704 1771 941 1853 animadvertit,
965 1777 999 1838 et
1020 1771 1196 1841 Octaviam
1210 1793 1284 1840 uim
1306 1772 1409 1843 Gallis
1430 1778 1552 1841 etanta

318 1899 439 1947 anuum
462 1880 536 1945 724.
549 1884 583 1946 et
602 1885 676 1964 post
696 1899 766 1945 rem
790 1877 888 1945 inisse
910 1879 1014 1947 docet
1038 1878 1159 1947 Contra
1180 1878 1321 1947 alterum
1343 1877 1554 1970 Kircbueri1)

321 1990 545 2070 argumentum
567 1986 614 2053 sic
635 1985 790 2071 disputat,
813 1991 853 2052 nt
874 1986 1170 2071 interpretationem
1184 1986 1275 2053 illam
1296 2006 1407 2054 versus
1429 1987 1482 2052 84.
1495 1986 1555 2054 du·

320 2092 420 2174 biam,
443 2113 507 2160 nou
528 2091 741 2177 probabilem,
764 2113 805 2158 ne
827 2092 916 2159 dicat
936 2093 1051 2159 falsam
1074 2114 1143 2159 esse
1161 2092 1342 2161 contendat
1366 2090 1478 2161 Tereo
1500 2093 1557 2161 de·

320 2200 417 2285 nique
440 2204 629 2283 argumento
650 2199 773 2265 nullm
794 2198 952 2284 probandi
972 2199 1037 2266 rim
1058 2198 1162 2265 inesse
1183 2198 1272 2265 dicit

408 2307 461 2374 Sic
483 2306 547 2372 illis
577 2307 777 2389 argumentis
807 2307 1012 2373 labefactatis
1041 2326 1157 2373 noram
1178 2307 1281 2386 uam,
1310 2326 1377 2391 qua
1410 2312 1556 2373 aetatem

319 2412 441 2479 satirae
462 2412 629 2491 inveniret,
664 2414 826 2498 ingressus
853 2419 912 2480 est.
947 2412 1149 2498 (temperatis
1171 2412 1258 2481 enim
1279 2412 1365 2479 inter
1379 2431 1415 2479 se
1445 2414 1556 2498 prima

320 2524 354 2586 et
376 2518 491 2603 quinta
513 2518 611 2604 hujus
633 2518 711 2586 libri
732 2521 843 2600 satira,
856 2521 891 2586 ln
912 2519 971 2586 illa
984 2520 1155 2587 Horatium
1170 2519 1264 2603 quasi
1278 2519 1425 2601 invitum,
1437 2520 1472 2586 in
1493 2521 1558 2588 huc

320 2625 408 2692 ultro
430 2631 463 2691 et
487 2645 585 2691 cause
606 2633 711 2713 capta,
735 2634 773 2693 ut
795 2627 898 2711 ajunt,
922 2625 965 2693 ad
987 2626 1156 2693 Caesarem
1185 2624 1386 2693 laudandum
1408 2648 1477 2694 esse
1498 2627 1555 2694 de·

323 2732 428 2798 latum
450 2733 624 2799 contendit.
646 2733 855 2800 Manifestum
877 2738 927 2799 est
948 2733 1056 2818 igitur,
1081 2732 1188 2817 inquit
1216 2731 1393 2799 Teuffelus:
1416 2735 1556 2820 primam

323 2840 533 2905 antecessisse
555 2846 588 2906 et
611 2841 740 2924 quidem
763 2841 929 2924 aliquanto
951 2839 1159 2906 antecessisse
1177 2838 1336 2923 quinum.
1359 2839 1462 2919 Quam
1484 2841 1554 2925 opi·

322 2947 451 3013 nionem
473 2967 511 3012 eo
532 2944 655 3011 firmari
674 2952 779 3030 putat,
804 2945 890 3031 quod
911 2946 944 3011 in
968 2967 1095 3013 versum
1118 2946 1171 3011 22.
1194 2945 1250 3013 lib.
1272 2946 1314 3013 Π.
1340 2944 1467 3015 Satires
1485 2947 1556 3033 pri·

322 3074 396 3119 mae
427 3052 607 3132 Pantolabi,
642 3074 738 3137 quem
759 3054 794 3118 in
817 3052 884 3119 Sat.
908 3053 934 3119 I.
958 3053 989 3118 8.
1012 3053 1194 3138 carpsisset,
1217 3053 1339 3120 mentio
1358 3053 1403 3120 sit
1423 3054 1555 3139 injecta.

323 3161 412 3241 Quae
444 3159 575 3245 quidem
600 3166 730 3246 praeter
763 3161 1018 3244 expectationem
1054 3165 1139 3226 esset
1159 3158 1247 3225 facta
1267 3165 1367 3245 atque
1391 3160 1557 3256 explicatu

323 3266 473 3348 difficilis,
497 3266 531 3332 ni
557 3288 685 3334 versum
716 3267 921 3333 undecimum
942 3267 1063 3333 satirae
1084 3265 1160 3332 libri
1181 3265 1279 3350 primi
1304 3273 1446 3348 ceterae,
1469 3267 1556 3336 Sati·

327 3376 373 3441 ris
395 3374 472 3440 libri
494 3375 590 3459 primi
612 3377 647 3441 in
669 3392 770 3440 unum
791 3394 907 3459 corpus
928 3373 1071 3440 collectis
1081 3378 1181 3457 atque
1190 3392 1294 3458 nuper
1315 3372 1413 3440 editis
1432 3375 1468 3440 in
1489 3395 1557 3441 me·

328 3483 465 3549 moriam
490 3488 675 3549 revocatum
707 3502 776 3547 esse
808 3488 1006 3566 putaremus.
1040 3480 1180 3561 Deinde,
1214 3501 1288 3547 cum
1313 3480 1397 3549 liber
1431 3481 1557 3566 primus

325 3588 413 3655 haud
454 3588 556 3655 multo
597 3589 670 3673 plus
702 3589 794 3655 mille
823 3609 933 3655 versus
967 3585 1180 3670 complectens
1217 3586 1324 3653 editus
1364 3594 1468 3669 essct,
1501 3587 1560 3657 cb-

325 3701 517 3762 treotatcres
538 3701 653 3779 poetae
685 3697 788 3761 nostri
813 3715 923 3760 versus
955 3693 1028 3760 illos
1062 3693 1163 3759 oculis
1188 3692 1422 3779 perlustrantes
1451 3693 1558 3762 dicere

326 3803 479 3887 potuisse,
503 3801 570 3868 tale
591 3801 670 3886 quid
691 3802 816 3869 nullam
838 3807 942 3869 artem
974 3800 1146 3884 requirere,
1169 3805 1203 3866 et
1226 3801 1339 3884 paucis
1371 3799 1486 3868 diebus
1507 3801 1556 3870 fa·

325 3909 386 3976 cile
407 3930 500 3994 posse
522 3907 764 3975 conscribillari.
786 3906 958 3975 Horatium
979 3906 1079 3991 igitur
1090 3905 1226 3973 voluisse
1247 3904 1428 3992 significare
1449 3929 1484 3976 sc
1505 3914 1557 3975 ta·

330 4038 403 4082 men
427 4016 461 4081 in
487 4016 596 4082 satiris
620 4015 844 4101 componendis
866 4035 936 4082 esse
963 4020 1256 4099 perseveraturum,
1291 4032 1366 4080 cum
1390 4013 1425 4080 id
1457 4035 1559 4100 genus

328 4144 407 4189 suae
428 4130 565 4190 naturae
590 4124 730 4189 maxime
752 4127 837 4188 esset
858 4127 1107 4188 consentaneum
1121 4126 1155 4186 et
1176 4121 1225 4184 vir
1235 4125 1320 4186 esset
1341 4121 1485 4206 insignis,
1501 4123 1559 4207 qui

328 4223 435 4317 ipsum
454 4250 495 4294 ne
510 4230 543 4294 id
555 4251 655 4313 genus
682 4229 854 4307 omitteret,
890 4229 1076 4294 hortaretur
1102 4229 1144 4313 (v.
1169 4226 1246 4311 84.).
1276 4226 1380 4305 Quam
1405 4227 1558 4295 adhorta·

328 4359 402 4402 nem
425 4335 467 4402 ad
501 4336 618 4400 satiras
640 4335 749 4400 decem
771 4336 902 4419 priores,
933 4357 1017 4421 quae
1038 4336 1072 4400 in
1093 4333 1231 4418 Augusti
1252 4354 1366 4399 manus
1386 4337 1557 4418 venissent,

328 4444 460 4528 ejusque
482 4442 746 4527 approbationem
768 4443 950 4523 movissent,
962 4443 1109 4509 inunum
1122 4438 1242 4509 librum
1265 4438 1415 4509 collectas
1437 4448 1471 4510 et
1492 4465 1559 4513 una

417 4665 437 4732 ¹)
456 4664 557 4721 Hister.
575 4663 731 4734 Einlcitung
749 4681 809 4734 pag.
829 4667 871 4720 21.
