3726 5618
842 648 1012 714 ..10-

403 841 482 910 (lum
502 844 569 929 jam
591 849 718 928 praeter
740 843 819 910 alios
842 845 925 911 viros
941 845 1139 911 Weichertus
1154 847 1186 909 in
1199 846 1472 929 praestantissimo
1487 848 1550 914 illo

313 951 412 1018 libro:
426 954 607 1018 'Pottarum
630 951 815 1018 Latinorum
829 952 991 1037 reliquiae,
1011 952 1204 1037 Bentlejanis
1219 953 1397 1019 rationibus
1412 954 1552 1021 dubiam

314 1060 408 1127 fidem
430 1059 553 1141 habuit,
579 1066 650 1125 tum
673 1060 809 1125 maxime
831 1060 1025 1126 Kirohnerus
1055 1060 1137 1125 hanc
1159 1061 1297 1146 Bentleji
1330 1063 1487 1128 rationem
1511 1064 1551 1128 in

314 1167 554 1254 quaestionibus
576 1168 761 1233 Horatianis
781 1167 982 1252 improbavit,
1008 1174 1040 1233 et
1058 1168 1097 1233 de
1112 1169 1237 1252 integro
1253 1171 1437 1253 quaestione
1450 1172 1550 1236 insti-

315 1282 388 1342 tuta
410 1275 490 1341 duos
514 1275 690 1341 Satirarum
712 1274 812 1340 libros
841 1296 905 1341 non
937 1276 1023 1340 intra
1053 1281 1182 1359 septem,
1215 1277 1270 1341 sed
1300 1278 1385 1342 intra
1407 1278 1551 1344 sedecim
1652 1316 1656 1324 ·

314 1404 468 1465 annorum
491 1383 643 1449 terminos
666 1382 842 1448 constituit.
867 1382 1026 1447 Frankius
1048 1383 1150 1466 magis
1181 1404 1253 1448 cum
1290 1384 1548 1469 Bentlejofacit3

314 1497 427 1557 contra
448 1490 694 1556 Walokenaerus
711 1493 733 1575 ¹)
750 1490 783 1553 in
805 1490 1027 1556 constituendo
1050 1488 1228 1556 Satirarum
1248 1497 1390 1575 tempore
1412 1493 1549 1576 paulum

314 1619 334 1664 a
356 1597 531 1664 Kirohnero
554 1595 674 1676 differt3
693 1594 850 1663 Teuffelus
867 1599 893 1682 ²)
917 1596 1044 1662 Horatii
1067 1596 1246 1663 Satirarum
1276 1597 1395 1663 librum
1417 1599 1441 1663 l.
1459 1600 1549 1667 intra

315 1727 342 1771 a
359 1706 432 1770 713.
452 1708 485 1769 et
501 1704 585 1783 719„
610 1703 782 1769 secundum
804 1704 890 1767 intra
913 1724 941 1768 a.
971 1704 1042 1768 821.
1059 1710 1091 1769 et
1115 1705 1187 1769 727.
1209 1704 1369 1783 includit3
1395 1706 1544 1790 Zumptio

313 1814 399 1878 intra
421 1832 449 1876 a.
474 1812 547 1875 714.
565 1816 597 1875 et
621 1811 693 1874 724.
719 1808 844 1875 Satirae
865 1811 1002 1895 scriptae
1018 1833 1085 1876 esse
1100 1811 1257 1877 videntur.
1276 1810 1399 1888 Quibus
1419 1819 1549 1879 senten·

317 1921 372 1985 tiis
393 1919 564 2004 propositis
594 1917 782 1983 accedamus
804 1919 846 1982 ad
868 1919 1063 2002 singularum
1097 1919 1268 1984 satirarum
1302 1926 1446 2003 tempora
1470 1918 1548 1986 defi-

317 2027 442 2092 menda.
477 2026 606 2091 Etenim
640 2025 667 2090 si
690 2025 729 2091 de
752 2025 884 2108 singulis
906 2027 972 2092 veri
995 2025 1071 2110 quid
1095 2027 1310 2105 statuerimus
1328 2026 1368 2092 de
1390 2028 1549 2096 universis

319 2135 443 2201 facilius
466 2133 564 2201 verba
587 2133 747 2199 faciemus.
763 2133 1009 2198 Discernendum
1033 2139 1141 2199 autem
1156 2134 1323 2218 diligenter
1338 2140 1386 2199 est
1409 2140 1547 2221 tempus,

320 2266 383 2328 quo
407 2242 594 2326 singillatim
617 2240 742 2306 Satirae
766 2261 906 2306 seorsum
929 2241 962 2304 in
984 2242 1087 2306 lucem
1120 2241 1307 2325 prodierunt
1338 2248 1438 2327 atque
1460 2245 1549 2329 ap'ud

319 2352 433 2435 vulgus
455 2351 670 2428 innotuerunt,
696 2347 737 2412 ab
762 2369 798 2413 eo
821 2353 972 2432 tempore,
997 2369 1060 2432 quo
1083 2349 1211 2414 eaedem
1233 2350 1266 2412 in
1286 2349 1424 2415 duorum
1446 2351 1548 2419 libro-

316 2481 389 2525 rum
412 2479 526 2542 corpus
549 2456 700 2522 collectae
723 2461 820 2539 atque
842 2456 1008 2540 evulgatae
1032 2461 1113 2521 sunt.
1136 2455 1184 2521 De
1207 2478 1270 2540 qua
1293 2479 1327 2523 re
1344 2460 1546 2526 accuratissi-

315 2589 366 2632 me
389 2565 565 2650 disputavit
580 2562 775 2629 Kirohnerus
785 2566 822 2648 ³).
837 2563 975 2629 Nostrae
988 2564 1089 2647 igitur
1103 2563 1143 2628 de
1159 2562 1337 2630 Satirarum
1351 2572 1465 2647 aetate,
1481 2589 1547 2652 qua

317 2680 375 2740 aut
398 2673 542 2756 singulae
558 2677 616 2737 aut
631 2671 797 2737 universae
808 2671 889 2755 juris
904 2670 1025 2755 publici
1047 2670 1150 2735 factae
1162 2672 1235 2750 sint,
1253 2673 1407 2755 opinionis
1429 2675 1546 2758 qualis·

322 2802 448 2866 cunque
471 2800 583 2846 causas
606 2779 639 2843 in
661 2778 757 2844 certis
780 2780 976 2862 argumentis
998 2778 1209 2862 potissimum,
1226 2786 1259 2844 et
1282 2781 1309 2844 si
1330 2780 1407 2846 haec
1420 2781 1545 2846 nosde·

321 2888 434 2955 ficiunt
456 2887 583 2953 demum
605 2887 639 2950 in
660 2907 749 2951 mera
770 2886 887 2951 mentis
910 2884 1087 2970 suspicione
1099 2890 1132 2951 et
1147 2887 1328 2971 conjectura
1347 2887 1463 2971 positas
1475 2907 1543 2953 esse

322 2996 480 3064 volumus.

408 3101 566 3167 Frankius
589 3096 705 3165 statuit
715 3100 742 3183 4)
776 3104 903 3182 praeter
937 3098 1073 3184 primum
1108 3120 1282 3166 sermonem
1306 3122 1413 3167 omnes
1442 3099 1551 3166 eodem

321 3211 430 3278 ordine
453 3210 587 3292 scriptos
610 3228 687 3286 esse,
712 3227 774 3290 quo
797 3228 880 3272 nunc
913 3207 1071 3291 leguntur,
1102 3214 1135 3274 et
1165 3229 1256 3274 suam
1286 3209 1477 3275 sententiam
1498 3208 1550 3274 his

321 3317 518 3403 argumentis
540 3316 625 3382 tueri
647 3319 780 3380 conatus
803 3320 871 3380 e'st:

323 3428 367 3512 1.)
391 3425 561 3492 Horatium
584 3429 653 3490 tam
675 3443 779 3507 pauca
800 3425 950 3507 poemata
972 3422 1025 3489 vix
1048 3427 1213 3489 temercet
1228 3424 1296 3489 sine
1319 3429 1407 3489 certa
1424 3424 1551 3489 ratione

364 3533 532 3617 digessisse
555 3531 642 3597 credi
664 3551 764 3615 posse.
1168 3599 1170 3607 ¹

319 3643 364 3726 2.)
387 3639 559 3707 Probabile
581 3638 649 3705 fieri
672 3643 730 3704 aut
752 3643 974 3722 argumentum
998 3658 1070 3704 eum
1093 3641 1151 3704 aut
1167 3639 1404 3722 compositionis
1423 3644 1552 3723 tempus

365 3748 550 3833 respexisse.
986 3760 993 3777 “·

319 3857 365 3941 3.)
388 3854 576 3940 Argumenti
590 3852 746 3920 rationem
764 3851 909 3919 habitam
925 3873 1000 3932 esse,
1021 3852 1179 3919 neminem
1198 3852 1303 3920 adhuc
1324 3854 1477 3933 docuisse,
1491 3873 1553 3918 neo

365 3963 441 4044 fore,
467 3963 523 4047 qui
545 3962 670 4028 doceat.

409 4178 425 4248 ¹)
443 4177 561 4231 Histoire
579 4176 613 4231 de
631 4176 659 4231 la
676 4177 719 4231 vie
738 4180 765 4232 et
783 4175 831 4231 des
848 4175 955 4245 poesies
973 4172 998 4230 d’
1005 4174 1119 4231 Horace.
1139 4175 1168 4230 G.
1188 4174 1275 4229 Gantd
1294 4174 1327 4229 de
1345 4175 1397 4230 hoc
1419 4175 1489 4230 libro
1508 4175 1551 4231 sic

318 4267 434 4339 judicat:
452 4266 514 4321 Non
532 4264 555 4320 si
573 4266 703 4336 potrebbe
721 4264 875 4321 desiderare
893 4265 985 4320 lavoro
1003 4264 1050 4334 piu
1069 4265 1200 4334 completo
1211 4281 1226 4320 e
1238 4265 1285 4335 pid
1299 4265 1393 4321 noioso
1412 4265 1440 4320 di
1459 4265 1552 4334 quello

322 4357 350 4412 di
367 4356 555 4412 Walckenaer.
574 4355 653 4426 (Stor.
673 4355 745 4410 della
762 4356 863 4411 Letter.
882 4356 979 4412 Latina
996 4370 1021 4424 p.
1042 4355 1113 4426 208).

407 4447 427 4515 ²)
445 4446 569 4501 Museum
595 4444 639 4500 fur
664 4445 822 4515 Philologie‚
852 4445 1071 4515 herausgegeben
1094 4461 1147 4500 von
1177 4443 1290 4501 Welker
1317 4444 1372 4499 und
1390 4443 1502 4500 Bitschl.
1524 4448 1550 4499 4.

320 4535 462 4605 Iuhtgang,
482 4550 543 4606 pag.
564 4538 615 4589 114
633 4534 657 4591 c
674 4537 735 4590 219.

409 4626 428 4694 ³)
448 4624 557 4695 Quaest.
575 4624 640 4681 Hor.
658 4640 720 4695 pag.
741 4629 782 4681 14.

409 4717 428 4786 ⁴)
446 4715 521 4771 Fast.
540 4714 634 4771 Horat.
653 4731 680 4786 p.
699 4717 742 4771 82.
