3726 5618
728 617 900 685 ..33-

200 812 283 881 nibil
307 812 397 885 aliud
419 814 580 900 consequi,
603 832 703 900 quam
725 812 944 887 Maecenatem
967 834 1025 901 per
1045 815 1146 882 vitam
1160 835 1326 902 nunquam
1348 817 1436 886 aedi·

200 921 299 991 ficare
322 923 462 1004 desiisse,
488 920 602 990 deinde
624 943 665 990 ex
685 922 778 1007 epod.
801 922 832 991 9.
855 922 886 988 3.

382 1100 1225 1189 Ymsotda-aesocioraum-domo,

373 1209 819 1292 ,BecaMaoeemaaoaa
877 1270 879 1275 .
1077 1253 1080 1260 -

203 1351 299 1419 aedes
308 1353 343 1421 in
352 1351 490 1439 Equiliis
498 1358 679 1420 exstructas
690 1373 775 1422 anno
788 1351 861 1419 723.
874 1372 895 1418 a
906 1351 1092 1419 Maecenate
1104 1351 1173 1445 jam
1185 1350 1436 1420 habitatasfnla·
1469 1404 1472 1409 .

199 1479 243 1527 se.
274 1461 313 1526 In
333 1466 447 1527 octava
460 1482 545 1541 vero,
559 1460 645 1527 idem
658 1459 772 1545 iuquit,
785 1458 841 1526 lib.
865 1458 891 1525 1.
914 1459 1018 1525 satira
1032 1460 1256 1526 tantummodo
1267 1460 1353 1526 horti
1363 1459 1437 1532 noui

199 1568 250 1652 (r.
273 1587 400 1633 versum
424 1568 477 1652 7.)
499 1566 587 1652 iique
602 1565 750 1652 neplane
762 1565 898 1633 confecti
913 1565 1042 1651 quidem
1054 1572 1352 1647 commemorantur,
1369 1588 1434 1637 nou

199 1679 311 1739 autem
333 1672 464 1739 condita
485 1673 608 1739 domus.
641 1673 736 1740 Certe
764 1677 874 1738 autem
897 1670 1113 1757 complanatio
1141 1671 1219 1753 loci,
1250 1693 1335 1757 quae
1360 1693 1435 1739 cum

147 1829 150 1835 .
198 1780 334 1845 satiram
357 1778 572 1846 conscriberet
593 1784 698 1864 poete,
717 1800 762 1845 ne
780 1776 930 1844 absoluta
951 1777 1082 1862 quidem
1105 1783 1185 1858 crat,
1209 1784 1248 1845 ut
1269 1799 1310 1844 ex
1332 1779 1435 1845 satiro

198 1886 312 1952 eadem
323 1892 423 1971 patet,
435 1907 494 1953 nec
504 1908 569 1954 non
584 1887 764 1966 exsiccatio,
776 1885 893 1952 deinde
907 1885 1082 1952 exstructio
1097 1885 1226 1953 aedium
1237 1885 1325 1952 haud
1339 1886 1436 1953 dubie

197 1991 340 2077 plurium
362 2013 520 2059 annorum
541 1991 686 2059 laborem
708 1990 893 2077 postulavit.
916 1991 1130 2070 Quamobrem
1152 1991 1297 2058 dubitari
1319 1993 1433 2083 nequit

198 2099 280 2183 quin
302 2119 387 2166 anuo
410 2100 485 2166 720.
508 2100 611 2167 satira
631 2097 735 2165 multo
757 2101 975 2166 antecesserit.
1000 2137 1041 2149 -

287 2207 351 2274 Sed
372 2206 408 2272 in
429 2226 571 2274 errorem
592 2204 752 2272 Frankius
774 2205 944 2291 prolapsus
967 2213 1026 2288 est,
1052 2227 1126 2272 cum
1147 2206 1277 2286 diceret,
1300 2211 1431 2290 poetam

199 2310 408 2380 honorificam
430 2333 584 2379 novorum
606 2312 782 2394 hortorum,
806 2334 887 2398 quos
909 2312 1078 2380 Maecenas
1100 2314 1135 2379 in
1146 2309 1313 2397 Esquilino
1325 2318 1434 2378 monte

196 2420 421 2500 adornaverat,
437 2419 550 2485 iecisse
564 2419 768 2500 mentionem,
785 2421 920 2506 ideoque
935 2421 1071 2487 satiram
1085 2420 1293 2487 corroborata
1305 2420 1435 2487 demum

196 2526 394 2613 Maecenatis
416 2532 450 2593 et
471 2525 600 2592 Horatii
614 2526 759 2592 amicitia
774 2533 879 2593 ortem
890 2549 968 2593 esse.
992 2527 1055 2595 Suo
1068 2527 1142 2612 jure
1156 2528 1338 2594 Dimtzerus
1354 2529 1379 2612 ¹)
1394 2527 1434 2592 il-

196 2632 262 2699 lam
276 2631 610 2703 Frenkiiseutentiam
625 2631 770 2717 explosit,
789 2654 862 2700 cum
873 2640 1006 2718 negaret
1020 2633 1144 2719 aliquid
1155 2633 1320 2701 honorifici
1331 2634 1435 2700 inesse

196 2741 231 2807 in
253 2738 314 2807 teli
329 2740 493 2819 mentioni,
507 2745 540 2805 et
551 2739 671 2805 diceret
679 2760 718 2805 ex
730 2737 787 2805 illa
802 2740 862 2804 hoo
873 2745 1000 2805 tantum
1012 2761 1179 2825 apparere,
1195 2740 1318 2806 laetum
1336 2741 1434 2807 fuisse

195 2853 334 2933 poetam,
346 2847 433 2931 quod
443 2847 478 2912 in
497 2844 606 2932 aprico
618 2847 754 2931 spatiari
761 2845 823 2912 sibi
831 2844 952 2912 liceret.
963 2845 1123 2913 Frankius
1135 2868 1227 2913 suam
1236 2849 1431 2914 sententiam

195 2954 257 3021 boc
268 2955 368 3020 etiam
390 2960 580 3038 argumento
591 2954 676 3020 tueri
687 2945 822 3020 conatus
836 2959 894 3034 cst,
912 2952 998 3038 quod
1007 2976 1038 3021 r.
1053 2954 1104 3020 12.
1119 2955 1169 3020 13.
1185 2962 1372 3022 accuratam
1384 2955 1431 3021 lo-

195 3062 465 3129 corumnotitiam
486 3060 604 3147 prodit.
628 3061 719 3141 Quod
733 3067 768 3126 et
782 3081 841 3146 ego
861 3058 1000 3127 libenter
1022 3062 1169 3142 concedo,
1184 3062 1245 3129 hoo
1259 3068 1370 3129 temen
1381 3063 1431 3128 dl-

198 3168 350 3234 som'mino
372 3167 570 3253 interposito,
594 3165 689 3252 quod,
714 3188 787 3233 cum
814 3168 930 3252 cuique
959 3169 994 3234 in
1016 3169 1118 3235 hortis
1143 3170 1280 3254 spatiari
1309 3167 1430 3249 boaret,

194 3275 350 3342 Horatius
361 3273 456 3341 facile
466 3273 609 3341 locorum
620 3274 771 3359 consequi
783 3280 911 3359 poterat
936 3276 1095 3356 notitiam,
1115 3277 1243 3342 etiamsi
1264 3298 1329 3342 nou
1348 3283 1432 3343 esset

194 3383 317 3449 amicus
327 3382 532 3448 Maecenatis.
545 3381 699 3448 Videmus
711 3381 812 3466 igitur
821 3403 926 3466 neque
935 3384 1264 3467 exKirchnerineque
1280 3405 1319 3448 ex
1330 3383 1431 3450 Fran-

193 3489 242 3557 lrii
256 3489 463 3574 argumentis,
487 3510 571 3574 quae
582 3489 860 3569 consideravimus,
874 3490 917 3555 ad
928 3495 1056 3574 tempus
1072 3491 1199 3558 Sati-rae
1215 3489 1432 3557 definiendum

192 3597 372 3683 quidquam
391 3597 471 3662 certi
481 3596 602 3662 adferri
616 3617 719 3681 posse.
730 3596 793 3664 Sed
807 3603 918 3677 restat,
932 3602 969 3663 ut
983 3595 1073 3663 aliud
1084 3597 1430 3680 Kirchneriurgumen-

192 3711 274 3785 tum,
298 3703 430 3789 majoris
451 3702 588 3770 fortasse
610 3704 773 3783 momenti,
802 3704 1032 3770 examinemus.
1059 3704 1145 3771 Dicit
1171 3704 1257 3769 enirn
1286 3705 1431 3769 carmina

195 3811 366 3878 Canidiam
398 3808 603 3876 diffamantia
639 3809 764 3895 aliquot
800 3831 959 3876 annorum
996 3812 1139 3895 spatium
1172 3809 1351 3896 complecti,
1390 3831 1430 3877 ac
1555 3818 1570 3847 ⁸

194 3918 335 4003 primum
358 3937 469 3983 eorum
491 3915 591 3982 fiune
612 3916 761 4000 Epodum
791 3917 860 3996 lt,
895 3917 930 3981 in
961 3938 1028 4001 quo
1060 3915 1180 4000 probra
1213 3915 1341 3983 mulieri
1374 3915 1430 3983 isti

192 4025 321 4110 objecta
343 4024 544 4109 respexisset.
563 4023 591 4107 ⁸)
614 4023 679 4090 Sed
700 4028 738 4088 ut
760 4023 926 4108 Bentlejus
948 4023 1029 4089 falso
1051 4024 1186 4108 Epodon
1207 4022 1327 4089 librum
1355 4029 1429 4107 post

194 4133 318 4199 Satires
340 4130 527 4216 profligatas
549 4128 678 4196 biennio
700 4151 730 4195 a.
754 4131 795 4198 U.
835 4131 909 4195 723.
946 4131 1018 4195 724.
1052 4128 1226 4209 incluserit,
1250 4136 1288 4196 ut
1321 4129 1427 4196 Welo

192 4237 393 4322 teneamur)
423 4238 508 4303 male
530 4236 606 4303 libri
620 4237 717 4321 primi
740 4239 862 4304 satirae
872 4244 1005 4304 octavae
1016 4243 1092 4304 ante
1114 4236 1262 4322 Epodum
1276 4238 1426 4322 quintum

282 4489 300 4558 ¹)
317 4487 409 4543 Kritik
426 4487 482 4545 und
499 4486 655 4558 Erkltruug
672 4486 722 4544 der
739 4487 848 4544 Satiren
866 4485 916 4543 des
934 4486 1034 4544 nom.
1052 4503 1079 4558 p.
1097 4489 1141 4543 82.
1165 4485 1168 4491 ’

278 4579 302 4646 ²)
321 4576 465 4632 Kirchneri
483 4577 526 4633 ed.
543 4577 609 4633 Hor.
628 4577 685 4633 Sat.
703 4577 764 4633 libr.
783 4577 845 4632 duo.
863 4577 916 4633 vol.
934 4576 968 4632 11.
987 4577 1008 4632 1.
1028 4579 1089 4635 274.

279 4659 300 4736 ⁸)
318 4665 370 4722 Vis
388 4664 415 4720 d’
422 4665 531 4723 Horace
549 4682 576 4736 p.
596 4668 655 4720 145.
676 4672 704 4721 et
723 4668 782 4721 ue.
