3726 5618
988 602 1160 670 ...34-

456 799 563 867 locum
585 800 620 866 in
641 798 784 885 ejusdem
807 798 884 865 1111
906 821 938 865 u.
962 820 990 866 e.
1014 798 1089 866 715.
1112 797 1218 884 spatio
1240 796 1461 882 assignaverit
1486 834 1527 846 -
1550 816 1610 883 pro
1631 816 1688 865 ex·

410 904 412 909 ’
455 908 583 993 plorato
605 906 725 974 habere
747 927 926 992 possumne,
957 905 1044 991 quod
1069 906 1266 973 Kirehnerus
1296 906 1398 985 docet,
1432 905 1493 971 hoc
1520 905 1689 973 Gratidiae

457 1036 514 1081 seu
537 1013 692 1081 Canidiae
714 1013 823 1079 odium
843 1019 877 1079 et
899 1014 1144 1080 insectationem
1165 1035 1223 1100 per
1245 1034 1301 1079 sex
1323 1019 1485 1099 septemve
1506 1033 1607 1079 annos
1628 1013 1690 1078 du·

457 1122 570 1187 rasse?
595 1159 635 1168 —-
659 1120 733 1204 lpse
755 1120 841 1185 enim
863 1119 1059 1187 Kirchnerus
1082 1125 1176 1186 caute
1199 1119 1286 1201 dicit,
1314 1114 1371 1186 sex
1396 1124 1556 1205 septemve
1587 1139 1688 1185 annos

457 1228 591 1294 durasse
617 1225 816 1312 “probabile
834 1276 849 1307 ,
876 1248 955 1293 esee.
978 1227 1023 1292 Et
1051 1226 1219 1306 Frankius,
1242 1227 1267 1311 ¹)
1289 1226 1345 1311 qni
1368 1226 1509 1294 Satiram
1530 1225 1605 1292 libri
1621 1226 1688 1310 pri-

462 1335 507 1399 mi
518 1340 665 1400 octavam
675 1334 710 1400 in
721 1354 843 1400 annum
856 1333 930 1399 718.
946 1333 1078 1414 confert,
1106 1340 1121 1370 “
1135 1333 1331 1420 probabile„
1357 1331 1427 1399 fieri
1437 1339 1532 1418 putat
1541 1332 1691 1417 Epodnm

457 1440 609 1525 quintum
631 1440 743 1508 eodem
765 1447 824 1507 111
845 1441 1053 1507 antecedente
1075 1461 1160 1508 anno
1182 1447 1351 1507 exaratum
1374 1462 1453 1521 esse,
1482 1446 1517 1506 et
1545 1461 1586 1506 ex
1615 1460 1690 1504 con·

453 1547 582 1631 jactura
602 1568 638 1613 ee
664 1547 698 1614 id
728 1553 872 1615 statuere
905 1569 965 1614 nec
1001 1548 1153 1632 cuiquam
1186 1547 1360 1614 obtrudere
1389 1547 1527 1631 ingenue
1556 1545 1689 1612 fatetur.

457 1654 654 1720 Kirchnerus
672 1656 699 1739 ⁹)
721 1661 831 1721 autem
854 1655 901 1721 sic
922 1655 1102 1721 concludit:
1133 1675 1206 1721 cum
1235 1654 1363 1721 Satirae
1384 1652 1472 1724 „libri
1501 1654 1528 1721 L
1558 1659 1691 1719 octavae

458 1767 587 1846 tempus
608 1761 688 1827 satis
710 1761 922 1846 probabiliter
943 1762 977 1827 in
1000 1782 1122 1828 annum
1143 1783 1175 1827 u.
1199 1783 1226 1828 c.
1250 1762 1325 1827 721.
1337 1761 1549 1827 constitutum
1571 1759 1690 1826 habea-

460 1889 541 1948 mus,
565 1867 640 1934 huic
663 1869 776 1952 quinto
797 1867 911 1953 Epodo
938 1889 1060 1934 annum
1088 1867 1286 1955 superiorem
1309 1867 1383 1935 720.
1410 1873 1499 1934 recte
1527 1867 1692 1951 assignare

460 1973 615 2040 videmur.
640 1974 702 2041 Sed
724 1976 786 2041 hoc
807 1980 857 2040 cst
878 1995 918 2040 ex
941 1996 978 2040 eo
1000 1975 1080 2061 ipso,
1104 1975 1190 2060 quod
1212 1981 1262 2042 est
1290 1975 1501 2061 probandum,
1527 1973 1691 2058 probatio·

459 2103 533 2148 nem
556 2081 723 2148 deducere.
747 2080 906 2148 Teuffelus
922 2081 948 2166 ε)
970 2081 1109 2167 denique
1124 2088 1350 2165 argumentum
1364 2081 1567 2167 potissimum
1588 2082 1690 2167 respi-

460 2189 557 2268 ciens,
581 2209 699 2255 cuma
732 2187 828 2254 rebus
858 2187 1027 2272 flagitiosis
1049 2193 1083 2252 et
1115 2186 1264 2271 tmpibus
1298 2208 1363 2253 non
1388 2185 1571 2267 abhorreat,
1603 2207 1689 2252 anno

460 2296 551 2362 urbis
576 2295 650 2361 714.
674 2295 860 2380 assignavit.
875 2293 1034 2380 Equidem
1047 2293 1195 2360 omnibus
1217 2293 1314 2360 rebus
1332 2293 1503 2378 diligenter
1517 2293 1688 2378 pensitatis

461 2398 566 2469 solum
587 2400 630 2468 ad
644 2403 741 2487 hujus
754 2402 950 2469 sententiam
961 2400 1118 2467 inclinare
1132 2401 1276 2468 animum
1299 2421 1408 2468 meum
1430 2399 1536 2467 dicere
1560 2399 1673 2468 audeo.

915 2654 1234 2670 m

551 2829 749 2917 chumque
771 2831 806 2898 in
829 2830 959 2900 Satires
978 2852 1081 2901 uorwe
1103 2839 1248 2918 tempore
1270 2831 1450 2902 definiendo
1474 2833 1692 2915 elaborarunt,

465 2937 596 3004 inanem
618 2960 749 3023 operam
772 2941 948 3024 suscepisse
971 2940 1052 3006 mibi
1073 2938 1232 3006 videntur.
1255 2938 1389 3007 Nullum
1407 2940 1494 3008 enim
1515 2940 1596 3009 certi
1618 2940 1696 3009 anni

463 3045 620 3111 indicium
652 3051 769 3111 exstat.
799 3045 868 3112 Hoc
890 3045 995 3112 solum
1016 3045 1177 3112 fateamur
1199 3067 1326 3113 necesse
1348 3051 1406 3128 est,
1429 3046 1601 3113 Horatium
1622 3068 1694 3114 eam

457 3150 696 3237 ,comoripsiesa
720 3173 793 3217 cum
812 3153 882 3237 jam
904 3152 939 3218 in
960 3153 1156 3219 Maecenatis
1178 3153 1432 3220 familiaritatem
1444 3154 1693 3222 seinsinuasset.
1820 3212 1824 3221 .

463 3259 688 3344 Importunum
710 3260 797 3325 enim
818 3260 980 3327 hominem
1002 3261 1163 3342 describit,
1188 3261 1243 3346 qui
1255 3261 1355 3346 ipsius
1366 3261 1487 3327 auxilio
1498 3262 1695 3330 Maecenatis

464 3367 605 3432 favorem
626 3367 782 3452 aucupari
803 3372 947 3448 conatur,
971 3368 1137 3452 docetque,
1164 3367 1269 3452 qualis
1303 3368 1365 3435 sibi
1394 3367 1599 3436 familiaritas
1621 3391 1695 3436 cum

463 3473 649 3539 Maecenate
669 3473 856 3539 intercedat.
880 3472 951 3552 Qua
972 3474 1005 3539 in
1026 3495 1061 3540 re
1084 3473 1293 3541 describenda
1322 3496 1395 3541 cum
1425 3475 1568 3561 perfecta
1596 3483 1694 3562 atque

465 3579 615 3645 absoluta
636 3584 708 3645 arte
729 3601 806 3645 usus
830 3580 881 3661 sit,
906 3602 984 3647 sane
1005 3582 1107 3647 satira
1133 3583 1303 3666 posteriori
1332 3582 1469 3666 tempori
1501 3583 1694 3668 assignetur.

465 3685 528 3752 Sed
550 3684 641 3750 illam
664 3706 694 3751 1.
719 3685 793 3750 719.
801 3691 839 3752 ut
849 3685 1009 3752 Frankius
1024 3687 1199 3767 contendit,
1216 3686 1694 3756 autl20.utKirchne1usdo·

465 3792 542 3871 cuit,
566 3813 636 3857 1111
647 3792 866 3875 compositam,
878 3794 1039 3860 neminem
1058 3813 1136 3860 esse.
1153 3795 1208 3878 qui
1225 3795 1313 3860 omni
1334 3793 1433 3861 dubio
1447 3802 1570 3863 remoto
1585 3796 1693 3863 dicere

464 3898 582 3985 possit,
605 3898 686 3964 mihi
705 3919 895 3983 persuasum
918 3905 976 3981 eet,
1008 3920 1124 3985 eosque
1147 3901 1203 3985 qui
1232 3908 1356 3968 certum
1382 3923 1504 3968 annum
1537 3908 1693 3984 statuant,

464 4006 660 4074 divinatione
682 4006 732 4071 uti
755 4012 805 4072 est
826 4006 1041 4073 manifestum.
1065 4005 1282 4074 Confiteamur
1303 4008 1412 4093 igitur,
1435 4030 1504 4077 rem
1518 4009 1552 4076 in
1573 4010 1697 4078 incerto

466 4112 1094 4181 mmmmwm„

921 4310 1236 4327 *affl-*n-

555 4468 575 4537 ¹)
593 4467 670 4524 Fasti
687 4466 754 4525 Hor.
771 4484 798 4540 p.
819 4471 878 4525 130.

555 4559 575 4630 ²)
593 4557 704 4628 011111.
724 4557 789 4614 Her.
808 4575 835 4629 p.
853 4562 897 4614 27.
916 4560 940 4632 §.
958 4563 1002 4617 49.

555 4648 575 4718 ¹)
593 4647 721 4703 Museum
734 4646 778 4702 fur
795 4646 945 4717 Philologle
967 4651 1043 4705 1846.
1062 4666 1088 4718 p.
1109 4653 1169 4705 111.
