3726 5618
848 624 1020 688 ..24-

317 815 433 880 satiras
456 818 620 897 emisisset,
654 840 715 882 non
738 820 966 885 animadvertit.
998 860 1036 867 -—
1071 820 1227 886 Frankius
1263 824 1391 905 quidem
1422 827 1546 893 satirae

319 929 453 1006 quartae
475 931 548 1008 post
570 927 699 991 tertiam
720 927 823 991 locum
845 928 1026 1009 assignavit,
1050 928 1105 992 sed
1129 935 1200 1011 post
1223 950 1341 995 annum
1365 933 1450 1012 716,
1477 956 1543 1018 quo

317 1031 516 1097 recitationes
539 1033 685 1117 publicae
708 1033 748 1098 ab
765 1034 874 1099 Asinio
896 1035 1036 1099 Pollione
1059 1036 1122 1100 sint
1145 1037 1322 1118 institutae,
1347 1045 1450 1105 ortam
1473 1064 1544 1108 esse

315 1145 420 1222 negat,
445 1140 566 1205 dicens:
593 1148 607 1177 “
621 1143 673 1206 vix
696 1147 787 1206 tanta
809 1164 879 1207 cum
901 1143 1130 1224 contemptione
1145 1144 1229 1207 hunc
1242 1166 1361 1209 morem
1376 1146 1542 1216 derisisset

317 1247 343 1310 si
365 1247 515 1313 Pollionis
538 1249 777 1327 commissiones,
802 1271 882 1332 quae
899 1255 931 1315 et
946 1249 1129 1314 oriebantur
1144 1250 1298 1316 laudabili
1310 1256 1448 1321 auctoris
1463 1278 1538 1322 con-

325 1353 395 1419 silio
425 1361 457 1419 et
481 1357 637 1421 communi
668 1356 828 1422 hominum
857 1357 1021 1422 doctorum
1054 1358 1167 1440 plausu
1191 1359 1433 1442 excipiebantur,
1468 1366 1538 1448 jam

315 1462 520 1527 invaluissent
536 1469 567 1529 et
583 1463 710 1547 publice
726 1465 816 1547 quasi
840 1465 979 1529 sancitae
995 1464 1155 1543 fuissent„
1176 1464 1237 1530 Sed
1253 1467 1441 1534 Kirchnerus
1457 1469 1480 1553 ¹)
1503 1472 1536 1535 in

317 1568 548 1638 Commentario
570 1572 611 1636 ad
635 1572 700 1637 Sat.
718 1572 769 1636 IV.
785 1573 866 1637 tales
888 1571 1030 1655 publicas
1053 1573 1256 1638 recitationes
1274 1576 1337 1657 jam
1358 1581 1431 1640 ante
1459 1576 1530 1640 Pol-

315 1677 430 1742 lionem
452 1679 483 1742 in
506 1701 591 1744 more
613 1678 708 1744 luisse
732 1686 764 1743 et
787 1686 859 1762 post
882 1680 1005 1761 saepius
1028 1678 1128 1743 factas
1151 1701 1218 1744 esse
1242 1680 1352 1746 docuit
1375 1680 1469 1766 Cujus
1480 1683 1530 1747 rei

316 1784 490 1867 exemplum
513 1786 673 1869 dialogum
695 1786 734 1851 de
757 1786 946 1864 oratoribus,
960 1787 1014 1869 qui
1037 1786 1146 1850 Tacito
1162 1787 1341 1868 ascribitur,
1361 1788 1534 1872 perlegenti

316 1891 473 1975 incapite
499 1895 545 1958 13.
569 1894 646 1958 mihi
668 1894 814 1972 occurrit,
838 1895 870 1957 in
893 1916 955 1977 quo
977 1893 1141 1958 Maternus
1156 1893 1324 1978 Virgilium
1339 1917 1439 1979 neque
1453 1895 1538 1978 apud

316 1997 422 2063 divum
459 1999 635 2082 Augustum
666 2001 769 2083 gratia
798 2022 897 2083 neque
931 2001 1014 2083 apud
1042 2003 1190 2084 populum
1219 2003 1395 2068 Romanum
1424 2003 1541 2067 notitia

315 2106 453 2172 carnisse
475 2108 523 2172 ita
545 2113 672 2173 narrat:
695 2109 823 2173 “Testes
845 2108 980 2190 Augusti
1005 2109 1164 2190 epistolae,
1190 2111 1278 2174 testis
1301 2110 1368 2192 ipse
1391 2111 1539 2193 populus,

315 2214 369 2297 qui
391 2215 509 2279 auditis
532 2215 565 2279 in
586 2213 713 2279 theatro
736 2215 860 2297 Virgilii
882 2213 1026 2279 versibus
1049 2217 1187 2280 surrexit
1208 2216 1369 2282 universus
1392 2222 1425 2281 et
1455 2217 1543 2282 forte

316 2327 512 2405 praesentem
534 2327 788 2405 spectantemque
809 2322 976 2403 Virgilium
999 2329 1165 2387 veneratus
1202 2328 1249 2387 est
1278 2323 1324 2387 sic
1357 2324 1448 2407 quasi
1472 2324 1540 2390 Au-

316 2434 450 2513 gustum.
462 2479 476 2507 „
503 2429 565 2495 Sed
586 2451 751 2513 pergamus
774 2429 901 2494 tandem
923 2429 964 2493 ad
987 2428 1080 2494 finem
1094 2436 1223 2495 nostrae
1244 2432 1538 2496 commentationis:

402 2536 714 2602 Kirchnerusexeo
737 2536 914 2620 quoderat
946 2535 1153 2618 probandum,
1188 2538 1289 2619 ipsam
1320 2536 1541 2619 probationem

314 2643 461 2724 deduxit3
475 2644 605 2709 Frankii
628 2645 859 2728 argumentatio
880 2644 954 2722 ruit,
972 2643 1054 2727 quod
1071 2643 1158 2708 falsis
1180 2643 1357 2709 rationibus
1372 2645 1537 2725 innititur,

316 2750 472 2818 Teuffelus
495 2758 679 2836 argumento
702 2773 722 2816 a
745 2752 880 2830 silentio,
897 2751 989 2816 valde
1004 2750 1135 2828 infirmo,
1149 2772 1238 2815 suam
1253 2757 1385 2816 conatus
1400 2758 1448 2817 est
1462 2773 1538 2835 pro·

313 2860 391 2925 bare
409 2861 604 2924 sententiam
628 2859 715 2937 Quae
738 2880 811 2942 ergo
834 2859 999 2941 explorata
1020 2857 1182 2935 habemus,
1211 2864 1285 2923 sunt
1309 2859 1403 2924 haec:
1429 2858 1538 2925 Satira

315 2971 431 3050 quarta
454 2967 623 3032 secundam
646 2971 678 3030 et
700 2966 829 3030 tertiam
853 2965 936 3048 (vide
949 2965 1250 3044 commentationem,
1269 2987 1364 3049 quam
1385 2965 1425 3031 de
1438 2967 1539 3031 tertia

315 3074 568 3159 conscripsimus)
593 3078 701 3138 secuta
724 3080 757 3137 et
778 3072 918 3155 proxime
940 3077 1015 3137 ante
1037 3072 1190 3137 decimam
1219 3079 1267 3139 est
1290 3078 1431 3139 exarata.
1468 3073 1539 3151 Quo

314 3181 412 3266 igitur
433 3201 515 3247 anno
539 3180 659 3246 decima
681 3181 723 3245 sit
747 3180 925 3262 conscripta
947 3200 1029 3243 nnnc
1061 3201 1257 3263 quaeramus
1293 3181 1368 3263 quia
1401 3179 1539 3248 fortasse

315 3310 355 3355 ex
376 3289 436 3354 hac
458 3288 641 3373 quaestione
673 3285 823 3352 absoluta
857 3286 898 3351 ad
935 3291 1067 3370 quartae
1097 3293 1235 3352 aetatem
1268 3287 1543 3354 determinandam

315 3397 394 3464 certi
416 3395 493 3482 quid
516 3395 639 3461 adferre
661 3394 844 3477 poterimus.

402 3700 594 3765 Kirehnerus
617 3699 697 3763 alias
720 3718 831 3763 causas
853 3697 992 3762 invenire
1014 3719 1078 3763 non
1100 3700 1215 3781 potuit,
1240 3698 1355 3781 quibus
1376 3706 1541 3782 permotus

316 3806 459 3874 Sotiram
480 3807 630 3872 decimum
651 3806 688 3869 in'
706 3825 824 3869 annum
847 3804 920 3868 723.
944 3826 974 3868 u.
1000 3825 1025 3868 c.
1050 3811 1157 3888 posset
1180 3805 1329 3885 conferre,
1365 3806 1427 3871 nisi
1450 3806 1538 3890 quod

313 3937 437 3983 versum
458 3916 524 3980 44.;
551 3952 590 3961 -
618 3919 632 3949 “
647 3912 740 3979 molle
763 3917 859 3994 atque
881 3911 1016 3976 facetum
1040 3950 1082 3960 --
1105 3913 1237 3996 Virgilio
1259 3919 1436 3979 annuerunt
1460 3935 1539 3997 gau-

315 4024 424 4090 dentes
446 4044 519 4089 rure
541 4021 730 4099 Camenae„
756 4041 820 4084 non
842 4019 943 4085 solum
964 4018 1006 4083 ad
1028 4020 1177 4085 Bucolica
1194 4020 1249 4085 sed
1269 4020 1422 4085 etiamad
1438 4020 1540 4087 Geor·

314 4133 385 4216 gica
407 4153 433 4196 a
458 4132 475 4194 7
480 4131 531 4194 24.
556 4150 576 4193 a
598 4128 731 4211 Virgilio
754 4126 901 4192 absoluta
923 4126 1119 4192 referendum
1141 4148 1209 4192 esse
1221 4127 1385 4211 judicavit.
1404 4126 1537 4194 Certum

314 4240 412 4322 igitur
433 4237 535 4320 inquit
558 4240 616 4313 est,
645 4235 776 4298 satiram
809 4234 971 4313 decimam,
1007 4234 1033 4298 si
1066 4256 1101 4298 re
1134 4255 1208 4298 vera
1230 4233 1316 4299 haud
1338 4235 1437 4300 multo
1461 4242 1539 4318 post

314 4351 462 4432 quartam
483 4365 512 4409 a.
538 4344 609 4407 722.
632 4347 796 4407 exaratam
817 4342 990 4425 composita
1013 4347 1071 4421 est,
1096 4341 1214 4425 primae
1244 4342 1319 4406 anni
1350 4343 1422 4407 723.
1445 4342 1540 4409 dimi·

316 4455 387 4521 diae
409 4452 492 4537 parti
515 4471 583 4516 esse
606 4449 834 4533 assignandam
860 4488 899 4495 —
924 4449 1077 4515 Brevibus
1111 4450 1208 4533 igitur
1242 4450 1457 4533 quaestionem
1479 4450 1539 4516 ab·

315 4563 417 4642 solvit,
441 4579 542 4643 neque
565 4578 622 4640 ego
645 4577 827 4640 quaererem
849 4557 944 4636 ultra,
976 4557 1003 4622 si
1024 4557 1102 4621 mihi
1124 4557 1164 4622 de
1186 4578 1268 4623 anno
1294 4558 1366 4623 722.
1399 4564 1536 4641 quartae

409 4688 616 4701 -—-———-·——-

402 4724 420 4793 1)
439 4722 471 4776 V.
489 4720 553 4775 Hor.
574 4719 628 4774 Sat.
648 4718 689 4773 ed.
708 4718 759 4774 vol.
777 4719 810 4773 Π.
829 4722 898 4786 part.
916 4719 938 4774 Ι.
957 4735 982 4787 p.
1003 4721 1062 4773 163.
