3742 5632
681 611 854 678 ..23-

156 813 231 898 quia
252 813 286 879 in
308 811 408 877 satira
430 809 550 876 decima
572 830 679 876 versus
706 808 873 876 nonnullos
895 829 933 876 ex
955 815 1071 894 quarta
1093 808 1158 876 fers
1181 807 1222 875 ad
1244 805 1375 874 verbum

156 920 295 988 reddidit
317 927 355 984 01
378 921 408 983 4.
433 920 462 983 2.
491 925 616 1002 “atque
645 918 709 997 alii,
745 939 877 1001 quorum
910 917 1070 983 comoedia
1104 916 1208 1000 prisca
1236 916 1375 982 virorum

157 1036 241 1110 est„
267 1029 301 1093 in
327 1029 376 1093 10.
405 1028 453 1093 16.
483 1033 497 1063 “
509 1027 564 1106 illi,
590 1027 709 1110 scripta
731 1025 845 1110 quibus
869 1026 1031 1092 comoedia
1053 1026 1156 1109 prisca
1178 1024 1253 1090 viris
1276 1029 1339 1105 est;
1355 1074 1370 1104 ,

158 1140 188 1202 4.
214 1138 284 1203 11.;
314 1141 418 1200 “cum
440 1134 551 1200 flueret
573 1135 750 1200 lutulentus
765 1184 779 1213 ,
804 1135 837 1198 in
855 1136 905 1200 10.
923 1135 973 1199 50.
1000 1134 1159 1213 ίί0101101,
1183 1132 1374 1199 fluerehunc

158 1245 375 1322 lutulentum,
414 1244 442 1306 4.
467 1245 496 1307 0.
525 1244 582 1307 “in
604 1243 683 1309 hora
706 1263 796 1325 saepe
819 1243 1014 1322 ducentos„
1039 1243 1072 1306 in
1097 1243 1220 1308 1060.
1256 1245 1375 1306 “amet

162 1353 320 1435 scripsisse
341 1351 529 1430 ducentos,
554 1351 605 1415 Ex
626 1371 719 1415 versu
741 1351 804 1429 02,
822 1350 875 1433 qui
888 1351 955 1435 jam
969 1351 1001 1414 in
1018 1348 1084 1416 Sat.
1100 1351 1124 1414 Ι.
1141 1350 1170 1414 2.
1188 1350 1240 1415 27.
1258 1354 1372 1428 exstat,

166 1459 326 1544 “pastillos
347 1455 478 1522 Rufillus
494 1459 567 1538 olet,
586 1457 761 1541 Gorgonius
775 1457 916 1535 hircum„
934 1456 1012 1521 haec
1031 1462 1158 1522 tantum
1173 1455 1373 1522 manifestum

159 1571 243 1631 recte
273 1565 362 1644 dixit,
399 1572 544 1649 quartam
573 1572 646 1650 post
669 1566 836 1632 secundam
871 1570 1034 1631 exaratam
1057 1585 1133 1630 esse.
1165 1563 1319 1631 Teuffclus
1341 1565 1374 1630 in

156 1693 250 1739 versu
272 1675 324 1739 23.
348 1678 475 1757 poetam
498 1673 595 1757 queri,
620 1673 704 1757 quod
727 1694 817 1738 nemo
840 1694 897 1738 sua
920 1673 1039 1756 scripta
1060 1673 1147 1755 legat
1170 1671 1370 1750 contendens,

157 1779 226 1846 iude
249 1781 381 1847 satiram
404 1786 550 1864 quartam
573 1782 777 1846 antecessisse
799 1781 928 1846 tertiam
958 1778 1079 1846 efficere
1100 1779 1178 1844 vult.
1204 1779 1373 1845 Praeterea

158 1908 226 1954 cum
247 1888 369 1955 nullam
392 1889 583 1954 Maecenatis
605 1890 795 1953 mentionem
817 1893 911 1971 poeta
932 1886 1063 1967 faceret,
1087 1887 1170 1952 idem
1194 1907 1283 1953 suam
1306 1907 1374 1952 sen-

157 1995 290 2062 tentiam
314 2017 350 2061 eo
373 1996 620 2079 probabiliorem
642 2017 709 2061 esse
732 1995 793 2061 sibi
815 1996 980 2080 persuasit.
1007 1994 1067 2061 Sed
1084 2000 1271 2079 argumenta
1293 2015 1312 2059 a
1335 1994 1376 2060 si-

156 2102 264 2183 lentio,
289 2125 369 2187 quae
392 2110 559 2183 vocantur,
585 2104 752 2169 admodum
775 2125 841 2169 0000
871 2102 995 2168 infirma
1021 2125 1092 2169 eum
1115 2103 1288 2186 praeteriit,
1318 2123 1376 2168 nec

155 2210 247 2277 facile
269 2212 413 2294 cuiquam
437 2233 502 2290 sua,
535 2231 628 2294 quam
651 2211 777 2276 silentio
799 2211 971 2295 praeterire
994 2232 1057 2276 non
1087 2232 1221 2295 possum,
1247 2230 1374 2294 persua-

155 2318 245 2384 debit
262 2320 543 2402 argumentatione.
566 2319 652 2384 Haec
667 2318 730 2384 fere
746 2326 812 2384 est:
838 2318 916 2384 Cum
938 2319 1058 2385 nullam
1081 2319 1275 2384 Maecenatis
1290 2339 1375 2383 men-

154 2427 274 2493 tionem
295 2427 405 2492 fecerit
426 2426 578 2491 Horatius
600 2426 676 2490 mihi
698 2448 884 2510 persuasum
906 2426 1018 2508 habeo,
1052 2433 1126 2492 anto
1149 2448 1266 2492 annum
1300 2426 1373 2491 717.

155 2535 286 2602 satiram
309 2540 455 2618 quartam
478 2555 544 2600 esse
567 2536 779 2617 compositam.
813 2535 894 2599 Tum
916 2534 1040 2600 facilem
1063 2535 1254 2618 explicatum
1275 2534 1375 2600 habet

158 2665 266 2709 versus
291 2644 342 2708 23.
368 2649 400 2707 et
424 2643 501 2708 ordo
525 2643 682 2725 seriesque
705 2647 838 2725 quartae
869 2648 901 2707 et
924 2642 1072 2707 decimae.
1096 2642 1178 2707 Nam
1208 2649 1282 2708 0010
1314 2642 1374 2709 hoc

155 2756 279 2835 tempus
302 2772 403 2834 pauca
425 2756 571 2833 poemata
593 2751 669 2834 ejus,
708 2756 745 2814 ut
767 2757 880 2832 poetae
901 2749 1002 2832 ignoti
1024 2751 1116 2834 pauci
1139 2749 1296 2833 legebant,
1321 2750 1375 2816 sed

153 2880 227 2924 cum
249 2858 441 2923 Maecenatis
473 2858 687 2922 familiaritate
710 2857 772 2923 sibi
794 2857 962 2922 conciliata
984 2857 1121 2923 omnium
1143 2857 1263 2922 animos
1285 2858 1319 2923 in
1342 2879 1374 2924 se

154 2968 374 3045 convertisset,
398 2965 538 3030 homines
561 2966 712 3030 curiosius
727 2966 784 3030 illa
799 2966 1150 3050 coeperuntperlegere.
1174 2965 1243 3042 Quo
1254 2964 1375 3031 factum

154 3080 214 3154 est,
239 3080 275 3139 ut
297 3074 398 3156 magis
419 3075 581 3157 magisque
604 3073 853 3139 obtrectatorum
887 3079 919 3138 et
950 3073 1202 3138 adversariorum
1227 3095 1375 3139 numerus

153 3187 334 3266 augeretur.
359 3181 448 3257 Quod
471 3201 541 3245 cum
564 3181 702 3259 vidisset,
727 3181 900 3265 posteriore
922 3187 1062 3264 tempore
1077 3182 1208 3246 satiram
1222 3181 1375 3248 decimam

153 3290 204 3356 sui
227 3288 412 3354 defendendi
435 3310 529 3353 causa
552 3288 703 3352 exaravit.

241 3395 348 3479 Longe
361 3396 464 3475 aliam,
478 3403 510 3461 01
522 3396 647 3479 quidem
658 3401 777 3460 rectam
787 3395 848 3460 loci
859 3395 1151 3479 interpretationem
1165 3395 1374 3483 0001000001)

152 3505 328 3591 proposuit,
354 3510 480 3587 poetam
501 3505 548 3568 ita
570 3504 750 3586 loquentem
772 3502 900 3568 faciens:

241 3611 343 3676 Meine
366 3610 522 3676 Schriften
544 3611 704 3676 bekomrnt
731 3612 839 3676 keiner
868 3633 906 3676 zu
939 3611 1034 3690 lesen,
1070 3611 1135 3677 und
1168 3611 1219 3676 ich
1249 3612 1375 3678 fiirchte

150 3719 237 3785 mich
260 3720 304 3783 010
327 3719 398 3783 dem
420 3718 519 3783 Volke
542 3725 757 3801 voruutragen,
782 3719 850 3783 weil
873 3741 906 3783 es
936 3719 1004 3783 0100
1034 3719 1139 3784 Μο000
1161 3720 1260 3785 Leute
1292 3718 1371 3802 gibt,

152 3826 203 3893 die
226 3848 267 3891 an
291 3826 417 3891 solchen
440 3825 614 3890 Gedichten
636 3827 710 3890 kein
734 3826 875 3890 Gefallen
897 3825 963 3904 hat,
989 3827 1030 3890 da
1052 3826 1103 3890 die
1126 3826 1288 3891 Mehrzahl
1303 3827 1374 3892 dem

153 3935 253 4000 Tadel
269 3935 326 3999 der
342 3933 445 3999 Satira
468 3934 674 3998 anheimflillt.
702 3972 740 3979 --
759 3933 844 3997 ldem
861 3934 1003 4015 disputat
1019 3932 1187 3997 Horatium
1209 3938 1282 4016 post
1304 3955 1373 3999 sex-

158 4048 224 4108 tam
247 4042 458 4126 composuisse
482 4045 610 4106 satiram
627 4047 783 4124 quartam,
810 4042 884 4124 quia
907 4063 968 4124 quo
991 4040 1083 4104 modo
1106 4062 1200 4105 versu
1220 4042 1292 4106 105.
1310 4062 1373 4126 seq.

157 4157 278 4235 patrem
301 4149 430 4227 inducit,
445 4171 477 4214 00
493 4150 581 4214 11100
600 4148 666 4231 jam
681 4148 714 4210 in
729 4136 888 4231 publicam
902 4148 1017 4231 probat
1030 4147 1198 4232 protulisse
1212 4149 1369 4214 notitiam.

154 4256 250 4342 Cujus
274 4258 462 4322 0001001100
493 4255 650 4321 Το0110100
674 4278 744 4319 000
766 4257 964 4338 impugnaret
988 4257 1094 4321 dicens
1116 4257 1252 4321 remita
1282 4277 1375 4340 posse

149 4366 276 4442 inverti,
307 4372 343 4429 01
371 4370 460 4428 sexta
482 4371 554 4446 post
576 4369 723 4448 quartam
745 4364 778 4427 in
800 4364 911 4446 vulgus
934 4363 1021 4428 edita
1047 4384 1114 4429 esse
1129 4369 1245 4446 posset,
1262 4384 1374 4448 parurn

87 4514 94 4529 ·
152 4472 289 4538 Horatio
312 4478 535 4537 conventurum
556 4472 651 4537 fuisse
672 4472 787 4537 Lucilii
807 4472 944 4555 judicem
960 4492 1061 4554 agere,
1076 4471 1103 4536 si
1117 4492 1234 4554 paucas
1248 4476 1375 4537 tantum

243 4670 451 4679 m

246 4723 263 4791 ¹)
281 4721 378 4776 Kritik.
396 4721 451 4776 und
468 4721 621 4792 Erklttrung
639 4721 686 4777 des
703 4722 793 4778 Horaz
811 4739 837 4792 p.
858 4721 915 4778 176.
